% This file was created with Citavi 5.0.0.11

@book{.2004,
year = {2004},
title = {Perspectives on the Economics of Aging},
publisher = {{University of Chicago Press}}
}


@article{Aguinis.2005,
author = {Aguinis, Herman and Beaty, James C. and Boik, Robert J. and Pierce, Charles A.},
year = {2005},
title = {Effect size and power in assessing moderating effects of categorical variables using multiple regression: a 30-year review},
url = {http://psycnet.apa.org/journals/apl/90/1/94/},
pages = {94},
volume = {90},
number = {1},
issn = {1939-1854},
journal = {Journal of Applied Psychology}
}


@book{Alemanno.2015,
author = {Alemanno, Alberto and Sibony, Anne-Lise},
year = {2015},
title = {Nudge and the law: A European perspective},
url = {https://books.google.com/books?hl=de&lr=&id=1pB0CgAAQBAJ&oi=fnd&pg=PP1&dq=alemanno+.+Nudge+and+the+Law:+A+European+Perspective&ots=m5iPNUoWMV&sig=-fF0W647CN_exvFgdaNvGRoVsLU},
address = {Oxford and Portland, OR},
publisher = {{Bloomsbury Publishing}},
isbn = {178225949X}
}


@misc{Alemanno.2016,
author = {Alemanno, Alberto},
year = {2016},
title = {The future of behavioural change: Balancing public nudging vs private nudging},
institution = {{2nd AIM Lecture, May 6, 2015}}
}


@article{Allcott.2010,
author = {Allcott, Hunt and Mullainathan, Sendhil},
year = {2010},
title = {Energy Behavior and energy policy},
keywords = {Behavioral Research;Choice Behavior;Conservation of Energy Resources;Cost-Benefit Analysis;Electricity;Energy-Generating Resources;Humans;Public Policy;Randomized Controlled Trials as Topic;United States},
pages = {1204--1205},
volume = {327},
number = {5970},
issn = {1095-9203},
journal = {Science},
doi = {10.1126/science.1180775}
}


@misc{Allcott.2015,
author = {Allcott, Hunt and Kessler, Judd B.},
year = {2015},
title = {The Welfare Effects of Nudges: A Case Study of Energy Use Social Comparisons},
number = {w21671},
series = {National Bureau of Economic Research}
}


@misc{Allcott.2015b,
author = {Allcott, Hunt and Sunstein, Cass R.},
year = {2015},
title = {Regulating Internalities},
keywords = {Behavioral economics;energy efficiency;fuel economy;Internalities}
}


@article{Alpizar.2015,
author = {Alp{\'i}zar, Francisco and Martinsson, Peter and Nord{\'e}n, Anna},
year = {2015},
title = {Do entrance fees crowd out donations for public goods? Evidence from a protected area in Costa Rica},
pages = {311--326},
volume = {20},
number = {03},
issn = {1469-4395},
journal = {Environment and Development Economics}
}


@misc{Altmann.2009,
author = {Altmann, Steffen and Falk, Armin},
year = {2009},
title = {The impact of cooperation defaults on voluntary contributions to public goods},
url = {http://www.socialpolitik.ovgu.de/sozialpolitik_media/papers/altmann_steffen_uid406_pid354.pdf}
}


@misc{Altmann.2014,
author = {Altmann, Steffen and Falk, Armin and Heidhues, Paul and Jayaraman, Rajshri},
year = {2014},
title = {Defaults and donations: Evidence from a field experiment},
url = {http://papers.ssrn.com/sol3/papers.cfm?abstract_id=2550691},
keywords = {charitable giving;Default Options;field experiment;Online Platforms},
address = {Berlin},
edition = {2014/11/27},
number = {1430},
series = {Discussion Papers},
institution = {DIW},
doi = {10.2139/ssrn.2550691}
}


@misc{Altmann.2015,
author = {Altmann, Steffen and Falk, Armin and Grunewald, Andreas},
year = {2015},
title = {Incentives and information as driving forces of default effects},
url = {http://papers.ssrn.com/sol3/papers.cfm?abstract_id=2329060},
keywords = {Behavioral economics;Default Options;incentives;laboratory experiment;libertarian paternalism;strategic communication},
edition = {2015/01/19},
number = {7610},
series = {Discussion Paper Series},
institution = {IZA}
}


@article{Andreoni.1988,
author = {Andreoni, James},
year = {1988},
title = {Privately provided public goods in a large economy: the limits of altruism},
url = {http://www.sciencedirect.com/science/article/pii/0047272788900618},
pages = {57--73},
volume = {35},
number = {1},
issn = {0047-2727},
journal = {Journal of Public Economics}
}


@misc{Arad.2015,
author = {Arad, Ayala and Rubinstein, Ariel},
year = {2015},
title = {The people's perspective on Libertarian--Paternalistic policies},
url = {http://www.tau.ac.il/~aradayal/LP.pdf},
keywords = {Asymmetric paternalism;Choice architecture;libertarian paternalism;Nudge;soft interventions},
urlyear = {17.08.2016}
}


@article{Arana.2013,
author = {Ara{\~n}a, Jorge E. and Le{\'o}n, Carmelo J.},
year = {2013},
title = {Can Defaults Save the Climate? Evidence from a Field Experiment on Carbon Offsetting Programs},
keywords = {Carbon offsetting;Defaults;Environmental policy;Field experiments;Framing},
pages = {613--626},
volume = {54},
number = {4},
issn = {0924-6460},
journal = {Environmental {\&} Resource Economics},
doi = {10.1007/s10640-012-9615-x}
}


@article{Ariely.2009,
author = {Ariely, Dan and Bracha, Anat and Meier, Stephan},
year = {2009},
title = {Doing Good or Doing Well? Image Motivation and Monetary Incentives in Behaving Prosocially},
pages = {544--555},
volume = {99},
number = {1},
issn = {00028282},
journal = {The American Economic Review},
doi = {10.2307/29730196}
}


@misc{Asensio.2015,
author = {Asensio, Omar I. and Delmas, Magali A.},
year = {2015},
title = {The dynamics of consumer behavior: Novelty and framing effects}
}


@article{Baldwin.2014,
author = {Baldwin, Robert},
year = {2014},
title = {From Regulation to Behaviour Change: Giving Nudge the Third Degree},
url = {http://onlinelibrary.wiley.com/doi/10.1111/1468-2230.12094/pdf},
pages = {831--857},
volume = {77},
number = {6},
issn = {1468-2230},
journal = {The Modern Law Review}
}


@article{Bartling.2014,
author = {Bartling, Bj{\"o}rn and Fehr, Ernst and Herz, Holger},
year = {2014},
title = {The Intrinsic Value of Decision Rights},
keywords = {authority;Decision rights;intrinsic value;private benefits of control},
pages = {2005--2039},
volume = {82},
number = {6},
issn = {1468-0262},
journal = {Econometrica},
doi = {10.3982/ECTA11573}
}


@incollection{Beckenbach.2016,
author = {Beckenbach, Frank},
title = {Innovative behavioral approaches to analyse the incentives of environmental instruments: A survey},
pages = {1--53},
publisher = {Springer},
editor = {Beckenbach, Frank and Kahlenborn, Walter},
booktitle = {New Perspectives for Environmental Policies through Behavioral Economics},
year = {2016},
address = {Heidelberg, New York, Dordrecht, London}
}


@book{Beckenbach.2016b,
year = {2016},
title = {New Perspectives for Environmental Policies through Behavioral Economics},
address = {Heidelberg, New York, Dordrecht, London},
publisher = {Springer},
editor = {Beckenbach, Frank and Kahlenborn, Walter}
}


@article{Benabou.2003,
author = {B{\'e}nabou, Roland and Tirole, Jean},
year = {2003},
title = {Intrinsic and Extrinsic Motivation},
pages = {489--520},
volume = {70},
number = {3},
issn = {1467-937X},
journal = {The Review of Economic Studies},
doi = {10.1111/1467-937X.00253}
}


@article{Benabou.2006,
author = {B{\'e}nabou, Roland and Tirole, Jean},
year = {2006},
title = {Incentives and prosocial behavior},
keywords = {D11;D64;D82;Z13},
pages = {1652--1678},
volume = {96},
number = {5},
issn = {00028282},
journal = {The American Economic Review}
}


@article{Benabou.2011,
author = {B{\'e}nabou, Roland and Tirole, Jean},
year = {2011},
title = {Identity, Morals, and Taboos: Beliefs as Assets},
url = {http://qje.oxfordjournals.org/content/126/2/805.full},
pages = {805--855},
volume = {126},
number = {2},
issn = {00335533},
journal = {The Quarterly Journal of Economics},
doi = {10.1093/qje/qjr002}
}


@misc{Benabou.2012,
author = {Benabou, Roland and Tirole, Jean},
year = {2012},
title = {Laws and norms},
url = {http://www.econstor.eu/handle/10419/58641},
keywords = {culture;esteem;expressive content;honor;incentives;law;Motivation;norms-based interventions;punishments;reputation;Social norms;stigma;Taxation},
institution = {{Discussion Paper series, Forschungsinstitut zur Zukunft der Arbeit}}
}


@article{Bender.2001,
author = {Bender, Ralf and Lange, Stefan},
year = {2001},
title = {Adjusting for multiple testing---when and how?},
url = {http://www.sciencedirect.com/science/article/pii/S0895435600003140},
pages = {343--349},
volume = {54},
number = {4},
issn = {0895-4356},
journal = {Journal of clinical epidemiology}
}


@article{Blasch.2014,
author = {Blasch, Julia and Farsi, Mehdi},
year = {2014},
title = {Context effects and heterogeneity in voluntary carbon offsetting -- a choice experiment in Switzerland},
pages = {1--24},
volume = {3},
number = {1},
issn = {2160-6544},
journal = {Journal of Environmental Economics and Policy},
doi = {10.1080/21606544.2013.842938}
}


@misc{BobadillaSuarez.20160217,
author = {Bobadilla-Suarez, Sebastian and Sunstein, Cass R. and Sharot, Tali},
year = {2016/02/17},
title = {Are Choosers Losers? The Propensity to Under-Delegate in the Face of Potential Gains and Losses: Delegation in the face of gains and losses},
keywords = {agency;control premium;Decision rights;delegation;gains;losses},
doi = {10.2139/ssrn.2733142}
}


@article{Bock.2014,
author = {Bock, Olaf and Nicklisch, Andreas and Baetge, Ingmar},
year = {2014},
title = {Hamburg registration and organization online tool},
url = {http://www.sciencedirect.com/science/article/pii/S0014292114001159},
keywords = {Documentation;Economic experiments;Online recruiting software;Randomization;Replication},
pages = {117--120},
volume = {71},
issn = {0014-2921},
journal = {European Economic Review}
}


@article{Bolton.2012,
author = {Bolton, Gary E. and Ockenfels, Axel},
year = {2012},
title = {Behavioral economic engineering},
url = {http://www.sciencedirect.com/science/article/pii/S0167487011001413},
keywords = {Behavioral economics;Economic engineering;Experimental economics},
pages = {665--676},
volume = {33},
number = {3},
issn = {0167-4870},
journal = {Journal of Economic Psychology}
}


@article{Bordalo.2012,
author = {Bordalo, P. and Gennaioli, N. and Shleifer, A.},
year = {2012},
title = {Salience Theory of Choice Under Risk},
pages = {1243--1285},
volume = {127},
number = {3},
issn = {00335533},
journal = {The Quarterly Journal of Economics},
doi = {10.1093/qje/qjs018}
}


@article{Borghans.2015,
author = {Borghans, Lex and Golsteyn, Bart H.H.},
year = {2015},
title = {Susceptibility to default training options across the population},
keywords = {Default option;Experiment;Human capital;Training},
pages = {369--379},
volume = {117},
issn = {0167-2681},
journal = {Journal of Economic Behavior {\&} Organization},
doi = {10.1016/j.jebo.2015.06.013}
}


@article{BotzenW.J.Wouter.2009,
author = {{Botzen, W. J. Wouter} and {Bergh, Jeroen C. J. M. van den}},
year = {2009},
title = {Bounded Rationality, Climate Risks, and Insurance: Is There a Market for Natural Disasters?},
pages = {265--278},
volume = {85},
number = {2},
issn = {1543-8325},
journal = {Land Economics},
doi = {10.3368/le.85.2.265}
}


@incollection{Bovens.2009,
author = {Bovens, Luc},
title = {The Ethics of Nudge},
pages = {207--219},
publisher = {{Springer Science {\&} Business Media}},
isbn = {9048125936},
editor = {Gr{\"u}ne-Yanoff, Till and Hansson, Sven Ove},
booktitle = {Preference change: Approaches from philosophy, economics and psychology},
year = {2009},
address = {Dordrecht}
}


@article{Bowles.2008,
author = {Bowles, Samuel},
year = {2008},
title = {Policies designed for self-interested citizens may undermine {\dq}the moral sentiments{\dq}: evidence from economic experiments},
keywords = {Economics;Games, Experimental;Humans;Morals;Motivation;Personal Autonomy;Policy Making;Public Policy;Social Behavior},
pages = {1605--1609},
volume = {320},
number = {5883},
issn = {1095-9203},
journal = {Science},
doi = {10.1126/science.1152110}
}


@article{Bowles.2008b,
author = {Bowles, Samuel and Hwang, Sung-Ha},
year = {2008},
title = {Social preferences and public economics: Mechanism design when social preferences depend on incentives},
keywords = {Constitutions;D52;D64;Ethical norms;Framing;H21;H41;Implementation theory;Incentive contracts;Incomplete contracts;Motivational crowding out;Social preferences},
pages = {1811--1820},
volume = {92},
number = {8--9},
issn = {0047-2727},
journal = {Journal of Public Economics},
doi = {10.1016/j.jpubeco.2008.03.006}
}


@article{Bowles.2012,
author = {Bowles, Samuel and Polan{\'i}a-Reyes, Sandra},
year = {2012},
title = {Economic incentives and social preferences: substitutes or complements?},
pages = {368--425},
volume = {50},
number = {2},
issn = {00220515},
journal = {Journal of Economic Literature}
}


@article{Braaten.2014,
author = {Braaten, Ragnhild Haugli},
year = {2014},
title = {Testing deontological warm glow motivation for carbon abatements},
url = {http://www.sciencedirect.com/science/article/pii/S0928765514000451},
keywords = {Climate change;crowding out;Environmental contributions;Experiment;Moral deontology;Warm glow},
pages = {96--109},
volume = {38},
issn = {0928-7655},
journal = {Resource and Energy Economics}
}


@article{Bradshaw.2015,
author = {Bradshaw, Della},
year = {2015},
title = {How a little nudge can lead to better decisions: Despite some ethical concerns, a concept of behavioural economics is gaining popularity},
url = {http://www.ft.com/intl/cms/s/2/e98e2018-70ca-11e5-ad6d-f4ed76f0900a.html#axzz3wYHYWsur},
urlyear = {07.01.2016},
journal = {Financial Times}
}


@misc{Branson.2011,
author = {Branson, C. Duffy and {B. Perry}, C. and Wellings, D.},
year = {2011},
title = {Acceptable behaviour? Public opinion on behaviour change policy.},
keywords = {Behaviour;Behaviour change;Behaviours;Environment;Health;Pensions;Public Health},
institution = {{Ipsos MORI Social Research Institute}}
}


@book{Brehm.1966,
author = {Brehm, Jack W.},
year = {1966},
title = {A theory of psychological reactance},
url = {http://doi.apa.org/psycinfo/1967-08061-000},
address = {Oxford, England},
publisher = {{Academic Press}}
}


@book{Brehm.2013,
author = {Brehm, Sharon S. and Brehm, Jack W.},
year = {2013},
title = {Psychological reactance: A theory of freedom and control},
address = {New York},
publisher = {{Academic Press}},
isbn = {1483264890}
}


@article{Brekke.2003,
author = {Brekke, Kjell Arne and Kverndokk, Snorre and Nyborg, Karine},
year = {2003},
title = {An economic model of moral motivation},
keywords = {Economic incentives;Identity theory;Voluntary contributions;Warm glow},
pages = {1967--1983},
volume = {87},
number = {9--10},
issn = {0047-2727},
journal = {Journal of Public Economics},
doi = {10.1016/S0047-2727(01)00222-5}
}


@article{Brekke.2008,
author = {Brekke, Kjell Arne and Johansson-Stenman, O.},
year = {2008},
title = {The behavioural economics of climate change},
pages = {280--297},
volume = {24},
number = {2},
issn = {0266-903X},
journal = {Oxford Review of Economic Policy},
doi = {10.1093/oxrep/grn012}
}


@misc{Brekke.2014,
author = {Brekke, Kjell Arne and Braaten, Ragnhild Haugli and Rogeberg, Ole},
year = {2014},
title = {Buying the right to do wrong--An experimental test of moral objections to trading emission permits},
keywords = {Experiment;Morality;Tradable pollution rights},
address = {Oslo, Norway},
series = {CREE Working Paper}
}


@article{Breman.2011,
author = {Breman, Anna},
year = {2011},
title = {Give more tomorrow: Two field experiments on altruism and intertemporal choice},
keywords = {Altruism;field experiment;Intertemporal choice},
pages = {1349--1357},
volume = {95},
number = {11--12},
issn = {0047-2727},
journal = {Journal of Public Economics},
doi = {10.1016/j.jpubeco.2011.05.004}
}


@article{Brown.2004,
author = {Brown, Christina L. and Krishna, Aradhna},
year = {2004},
title = {The skeptical shopper: A metacognitive account for the effects of default options on choice},
url = {http://jcr.oxfordjournals.org/content/jcr/31/3/529.full.pdf},
pages = {529--539},
volume = {31},
number = {3},
issn = {1537-5277},
journal = {Journal of Consumer Research},
doi = {10.1086/425087}
}


@article{Brown.2013,
author = {Brown, Zachary and Johnstone, Nick and Ha{\v{s}}{\v{c}}i{\v{c}}, Ivan and Vong, Laura and Barascud, Francis},
year = {2013},
title = {Testing the effect of defaults on the thermostat settings of OECD employees},
keywords = {Behavioral economics;energy efficiency;Field experiments},
pages = {128--134},
volume = {39},
issn = {0140-9883},
journal = {Energy Economics},
doi = {10.1016/j.eneco.2013.04.011}
}


@misc{Bruns.2016,
author = {Bruns, Hendrik and Kantorowicz-Reznichenko, Elena and Klement, Katharina and {Luistro Jonsson}, Marijane and Rahali, Bilel},
year = {2016},
title = {Can Nudges Be Transparent and Yet Effective?},
keywords = {Carbon reduction;Defaults;Experiment;nudging;Psychological reac-tance;Transparency},
address = {Hamburg},
number = {33},
series = {WiSo-HH Working Paper Series}
}


@misc{Buhren.2015,
author = {B{\"u}hren, Christoph and Daskalakis, Maria},
year = {2015},
title = {Do not incentivize eco-friendly behavior: Go for a competition to go green!},
url = {http://www.researchgate.net/profile/Christoph_Buehren/publication/283268881_Do_not_incentivize_eco-friendly_behavior_-_Go_for_a_competition_to_go_green%21/links/5630b48308aee0eba01967ae.pdf},
keywords = {Competition;Environmental behavior;Experiment;Goals;incentives;Social Comparison}
}


@article{Button.2013,
author = {Button, Katherine S. and Ioannidis, John P. A. and Mokrysz, Claire and Nosek, Brian A. and Flint, Jonathan and Robinson, Emma S. J. and Munaf{\`o}, Marcus R.},
year = {2013},
title = {Power failure: why small sample size undermines the reliability of neuroscience},
pages = {365--376},
volume = {14},
number = {5},
issn = {1471-003X},
journal = {Nature Reviews Neuroscience}
}


@article{Cain.2014,
author = {Cain, Daylian M. and Dana, Jason and Newman, George E.},
year = {2014},
title = {Giving Versus Giving In},
pages = {505--533},
volume = {8},
number = {1},
issn = {1941-6520},
journal = {The Academy of Management Annals},
doi = {10.1080/19416520.2014.911576}
}


@article{Campbell.2007,
author = {Campbell, Margaret C.},
year = {2007},
title = {``Says who?!'' How the source of price information and affect influence perceived price (un) fairness},
pages = {261--271},
volume = {44},
number = {2},
issn = {0022-2437},
journal = {Journal of Marketing Research}
}


@article{CampbellArvai.2014,
author = {Campbell-Arvai, V. and Arvai, J. and Kalof, L.},
year = {2014},
title = {Motivating Sustainable Food Choices: The Role of Nudges, Value Orientation, and Information Provision},
keywords = {asymmetric intervention;biospheric values;default choice;new ecological paradigm;proenvironmental behavior},
pages = {453--475},
volume = {46},
number = {4},
issn = {0013-9165},
journal = {Environment and Behavior},
doi = {10.1177/0013916512469099}
}


@misc{Caplin.2012,
author = {Caplin, Andrew and Martin, Daniel J.},
year = {2012},
title = {Defaults and attention: The drop out effect},
url = {http://www.nber.org/papers/w17988},
number = {Working Paper 17988},
series = {NBER Working Paper Series}
}


@article{Cappelletti.2014,
author = {Cappelletti, Dominique and Mittone, Luigi and Ploner, Matteo},
year = {2014},
title = {Are default contributions sticky? An experimental analysis of defaults in public goods provision},
url = {http://www.sciencedirect.com/science/article/pii/S0167268114000080},
keywords = {Beliefs;Defaults;public goods},
pages = {331--342},
volume = {108},
issn = {0167-2681},
journal = {Journal of Economic Behavior {\&} Organization}
}


@article{Capstick.2015,
author = {Capstick, Stuart and Whitmarsh, Lorraine and Poortinga, Wouter and Pidgeon, Nick and Upham, Paul},
year = {2015},
title = {International trends in public perceptions of climate change over the past quarter century},
url = {http://onlinelibrary.wiley.com/doi/10.1002/wcc.321/full},
pages = {35--61},
volume = {6},
number = {1},
issn = {1757-7799},
journal = {Wiley Interdisciplinary Reviews: Climate Change},
doi = {10.1002/wcc.321}
}


@article{Cardenas.2000,
author = {Cardenas, Juan Camilo and Stranlund, John and Willis, Cleve},
year = {2000},
title = {Local environmental control and institutional crowding-out},
url = {http://www.sciencedirect.com/science/article/pii/S0305750X00000553},
keywords = {Colombia;Experiments;external regulation;institutional crowding-out;local environmental quality;South America},
pages = {1719--1733},
volume = {28},
number = {10},
issn = {0305-750X},
journal = {World Development}
}


@article{Carlevaro.2012,
author = {Carlevaro, Fabrizio and Croissant, Yves and Hoareau, St{\'e}phane},
year = {2012},
title = {Multiple hurdle models in R: The mhurdle Package},
url = {https://www.researchgate.net/profile/Fabrizio_Carlevaro/publication/253424746_Multiple_hurdles_models_in_R_the_mhurdle_package/links/0deec536ceadd55f27000000.pdf},
journal = {URL: http://cran. r-project. org/web/packages/mhurdle/vignettes/mhurdle. pdf}
}


@article{Carlsson.2015,
author = {Carlsson, Fredrik and Johansson-Stenman, Olof and {Pham Khanh}, Nam},
year = {2015},
title = {Funding a new bridge in rural Vietnam: A field experiment on conditional cooperation and default contributions},
url = {http://oep.oxfordjournals.org/content/67/4/987.abstract},
keywords = {Conditional cooperation;default contribution;field experiment;local public goods;Social influence;Voluntary contribution},
pages = {987--1014},
volume = {67},
number = {4},
journal = {Oxford Economic Papers}
}


@book{Carpenter.2005,
year = {2005},
title = {Field experiments in economics},
keywords = {BUSINESS {\&} ECONOMICS;Economics;Economisch onderzoek;Methodologie;Veldwerk},
address = {Amsterdam and Boston},
edition = {1st ed.},
volume = {v. 10},
publisher = {{Elsevier JAI}},
isbn = {9780080460222},
series = {Research in experimental economics},
editor = {Carpenter, Jeffrey P. and Harrison, Glenn W. and List, John A.}
}


@article{Carpenter.2010,
author = {Carpenter, Jeffrey and Myers, Caitlin Knowles},
year = {2010},
title = {Why volunteer? Evidence on the role of altruism, image, and incentives},
keywords = {Altruism;Extrinsic motivation;Extrinsic motivation Firefighter;Firefighter;Image;Volunteer},
pages = {911--920},
volume = {94},
number = {11--12},
issn = {0047-2727},
journal = {Journal of Public Economics},
doi = {10.1016/j.jpubeco.2010.07.007}
}


@article{Chaiken.1980,
author = {Chaiken, Shelly},
year = {1980},
title = {Heuristic versus systematic information processing and the use of source versus message cues in persuasion},
url = {http://psycnet.apa.org/journals/psp/39/5/752/},
pages = {752},
volume = {39},
number = {5},
issn = {1939-1315},
journal = {Journal of Personality and Social Psychology}
}


@article{Chan.2014,
author = {Chan, Nathan W. and Kotchen, Matthew J.},
year = {2014},
title = {A generalized impure public good and linear characteristics model of green consumption},
keywords = {Bundled goods;Ethical consumption;Green markets;Impure public goods;Socially-responsible consumption},
pages = {1--16},
volume = {37},
issn = {0928-7655},
journal = {Resource and Energy Economics},
doi = {10.1016/j.reseneeco.2014.04.001}
}


@article{Charles.2001,
author = {Charles, Susan Turk and Reynolds, Chandra A. and Gatz, Margaret},
year = {2001},
title = {Age-related differences and change in positive and negative affect over 23 years},
keywords = {15--90 yr olds from 4 successive generations;23-yr study;influence of extraversion or neuroticism or other traits on age-related differences {\&} patterns of change in positive {\&} negative affect},
pages = {136--151},
volume = {80},
number = {1},
issn = {1939-1315},
journal = {Journal of Personality and Social Psychology},
doi = {10.1037/0022-3514.80.1.136}
}


@article{Charness.2009,
author = {Charness, Gary and Gneezy, Uri},
year = {2009},
title = {Incentives to Exercise},
keywords = {Exercise;field experiment;habit formation;incentives},
pages = {909--931},
volume = {77},
number = {3},
issn = {1468-0262},
journal = {Econometrica},
doi = {10.3982/ECTA7416}
}


@article{Chartrand.2007,
author = {Chartrand, Tanya L. and Dalton, Amy N. and Fitzsimons, Gavan J.},
year = {2007},
title = {Nonconscious relationship reactance: When significant others prime opposing goals},
url = {http://www.sciencedirect.com/science/article/pii/S002210310600120X},
pages = {719--726},
volume = {43},
number = {5},
issn = {0022-1031},
journal = {Journal of Experimental Social Psychology}
}


@article{Chaudhuri.2011,
author = {Chaudhuri, Ananish},
year = {2011},
title = {Sustaining cooperation in laboratory public goods experiments: A selective survey of the literature},
keywords = {Conditional cooperation;Monetary punishments;Moral suasion;Non-monetary punishments;public goods;Sorting},
pages = {47--83},
volume = {14},
number = {1},
issn = {1386-4157},
journal = {Experimental Economics},
doi = {10.1007/s10683-010-9257-1}
}


@book{Chirkov.2011,
year = {2011},
title = {Human Autonomy in Cross-Cultural Context},
publisher = {{Springer Netherlands}},
isbn = {978-90-481-9666-1},
series = {Cross-Cultural Advancements in Positive Psychology},
editor = {Chirkov, Valery I. and Ryan, Richard M. and Sheldon, Kennon M.}
}


@article{Choi.2003,
author = {Choi, James J. and Laibson, David and Madrian, Brigitte C. and Metrick, Andrew},
year = {2003},
title = {Optimal defaults},
url = {http://www.jstor.org/stable/3132221},
pages = {180--185},
volume = {93},
number = {2},
issn = {00028282},
journal = {The American Economic Review}
}


@incollection{Choi.2004,
author = {Choi, James J. and Laibson, David and Madrian, Brigitte C. and Metrick, Andrew},
title = {For better or for worse: Default effects and 401 (k) savings behavior},
pages = {81--126},
publisher = {{University of Chicago Press}},
booktitle = {Perspectives on the Economics of Aging},
year = {2004}
}


@article{Cialdini.2003,
author = {Cialdini, Robert B.},
year = {2003},
title = {Crafting normative messages to protect the environment},
keywords = {Environment;norms;public service announcements},
pages = {105--109},
volume = {12},
number = {4},
issn = {0963-7214},
journal = {Current Directions in Psychological Science},
doi = {10.1111/1467-8721.01242}
}


@article{Cioffi.1996,
author = {Cioffi, Delia and Garner, Randy},
year = {1996},
title = {On Doing the Decision: Effects of Active versus Passive Choice on Commitment and Self-Perception},
url = {http://psp.sagepub.com/content/22/2/133.full.pdf},
pages = {133--147},
volume = {22},
number = {2},
issn = {1552-7433},
journal = {Personality and Social Psychology Bulletin},
doi = {10.1177/0146167296222003}
}


@misc{Cole.2014,
author = {Cole, Shawn},
year = {2014},
title = {Field Experiments: Adapted from a lecture written by Nava Ashraf}
}


@article{Colegrave.2003,
author = {Colegrave, Nick and Ruxton, Graeme D.},
year = {2003},
title = {Confidence intervals are a more useful complement to nonsignificant tests than are power calculations},
url = {http://beheco.oxfordjournals.org/content/14/3/446.short},
pages = {446--447},
volume = {14},
number = {3},
issn = {1045-2249},
journal = {Behavioral Ecology}
}


@article{Cooke.2015,
author = {Cooke, Anna N. and Fielding, Kelly S. and Louis, Winnifred R.},
year = {2015},
title = {Environmentally active people: The role of autonomy, relatedness, competence and self-determined motivation},
keywords = {autonomy;Behaviour;competence;pro-environmental;relatedness;self-determination},
pages = {1--27},
issn = {1350-4622},
journal = {Environmental Education Research},
doi = {10.1080/13504622.2015.1054262}
}


@article{Corgnet.2015,
author = {Corgnet, Brice and Hern{\'a}n-Gonz{\'a}lez, Roberto and Rassenti, Stephen},
year = {2015},
title = {Firing threats: Incentive effects and impression management},
url = {http://www.sciencedirect.com/science/article/pii/S089982561500038X},
pages = {97--113},
volume = {91},
issn = {0899-8256},
journal = {Games and Economic Behavior}
}


@article{Costa.2013,
author = {Costa, Dora L. and Kahn, Matthew E.},
year = {2013},
title = {Energy conservation ``nudges'' and environmentalist ideology: evidence from a randomized residential electricity field experiment},
keywords = {D03;D72;Q41},
pages = {680--702},
volume = {11},
number = {3},
issn = {1542-4774},
journal = {Journal of the European Economic Association},
doi = {10.1111/jeea.12011}
}


@article{Cragg.1971,
author = {Cragg, John G.},
year = {1971},
title = {Some statistical models for limited dependent variables with application to the demand for durable goods},
url = {http://www.jstor.org/stable/1909582},
pages = {829--844},
issn = {0012-9682},
journal = {Econometrica: Journal of the Econometric Society}
}


@article{Croson.2001,
author = {Croson, R. and Marks, M.},
year = {2001},
title = {The effect of recommended contributions in the voluntary provision of public goods},
pages = {238--249},
volume = {39},
number = {2},
issn = {00952583},
journal = {Economic Inquiry},
doi = {10.1111/j.1465-7295.2001.tb00063.x}
}


@article{Croson.2009,
author = {Croson, Rachel and Gneezy, Uri},
year = {2009},
title = {Gender differences in preferences},
url = {http://www.ingentaconnect.com/content/aea/jel/2009/00000047/00000002/art00003},
pages = {448--474},
volume = {47},
number = {2},
issn = {00220515},
journal = {Journal of Economic Literature}
}


@article{Croson.2014,
author = {Croson, Rachel and Treich, Nicolas},
year = {2014},
title = {Behavioral Environmental Economics: Promises and Challenges},
keywords = {Behavioral economics;Corporate social responsibility;Environmental policy;Environmental psychology;Nudge},
pages = {335--351},
volume = {58},
number = {3},
issn = {0924-6460},
journal = {Environmental {\&} Resource Economics},
doi = {10.1007/s10640-014-9783-y}
}


@article{Cubitt.1998,
author = {Cubitt, Robin P. and Starmer, Chris and Sugden, Robert},
year = {1998},
title = {On the validity of the random lottery incentive system},
url = {http://link.springer.com/content/pdf/10.1007/BF01669298.pdf},
pages = {115--131},
volume = {1},
number = {2},
issn = {1386-4157},
journal = {Experimental Economics}
}


@article{dAdda.2011,
author = {d'Adda, Giovanna},
year = {2011},
title = {Motivation crowding in environmental protection: Evidence from an artefactual field experiment: Special Section - Earth System Governance: Accountability and Legitimacy},
keywords = {Artefactual experiment;Bolivia;Latin America;Motivation crowding;Social norms},
pages = {2083--2097},
volume = {70},
number = {11},
issn = {09218009},
journal = {Ecological Economics},
doi = {10.1016/j.ecolecon.2011.06.006}
}


@misc{dAdda.2016,
author = {d'Adda, Giovanna and Capraro, Valerio and Tavoni, Massimo},
year = {2016},
title = {The not so gentle push: Behavioral spillovers and policy instruments}
}


@article{DalBo.2014,
author = {{Dal B{\'o}}, Ernesto and {Dal B{\'o}}, Pedro},
year = {2014},
title = {``Do the right thing:'' The effects of moral suasion on cooperation},
keywords = {Cooperation;ethics;Moral suasion;Morality;public goods},
pages = {28--38},
volume = {117},
issn = {0047-2727},
journal = {Journal of Public Economics},
doi = {10.1016/j.jpubeco.2014.05.002}
}


@misc{Damgaard.20160315,
author = {Damgaard, Mette Trier and Gravert, Christina},
year = {2016/03/15},
title = {The Hidden Costs of Nudging: Experimental Evidence from Reminders in Fundraising},
keywords = {Avoiding-the-ask;charitable giving;field experiment;inattention;Nudge;reminders},
number = {2016-3},
series = {Economics Working Papers}
}


@article{Deci.1971,
author = {Deci, Edward L.},
year = {1971},
title = {Effects of externally mediated rewards on intrinsic motivation},
url = {http://psycnet.apa.org/journals/psp/18/1/105/},
pages = {105},
volume = {18},
number = {1},
issn = {1939-1315},
journal = {Journal of Personality and Social Psychology}
}


@article{Deci.1972,
author = {Deci, Edward L.},
year = {1972},
title = {The effects of contingent and noncontingent rewards and controls on intrinsic motivation},
pages = {217--229},
volume = {8},
number = {2},
issn = {00305073},
journal = {Organizational Behavior and Human Performance},
doi = {10.1016/0030-5073(72)90047-5}
}


@book{Deci.1985,
author = {Deci, Edward L. and Ryan, Richard M.},
year = {1985},
title = {Intrinsic motivation and self-determination in human behavior},
keywords = {Analyse comportementale;Aspects psychologiques;Autonomie (Psychologie);intrinsic motivation;Libre arbitre et d{\'e}terminisme;Motivatie;Motivation (Psychologie);Motivations;Personality;Personnalit{\'e};Philosophie;Psychologie;Psychology},
address = {New York},
publisher = {Plenum},
isbn = {9780306420221},
series = {Perspectives in social psychology}
}


@article{DellaVigna.2006,
author = {DellaVigna, Stefano and Malmendier, Ulrike},
year = {2006},
title = {Paying Not to Go to the Gym},
url = {https://pubs.aeaweb.org/doi/pdfplus/10.1257/aer.96.3.694},
pages = {694--719},
volume = {96},
number = {3},
issn = {00028282},
journal = {The American Economic Review},
doi = {10.1257/aer.96.3.694}
}


@article{DellaVigna.2009,
author = {DellaVigna, Stefano},
year = {2009},
title = {Psychology and Economics: Evidence from the Field},
pages = {315--372},
volume = {47},
number = {2},
issn = {00220515},
journal = {Journal of Economic Literature},
doi = {10.1257/jel.47.2.315}
}


@article{DellaVigna.2012,
author = {DellaVigna, S. and List, J. A. and Malmendier, U.},
year = {2012},
title = {Testing for altruism and social pressure in charitable giving},
pages = {1--56},
volume = {127},
number = {1},
issn = {00335533},
journal = {The Quarterly Journal of Economics}
}


@article{Dhingra.2012,
author = {Dhingra, Nikhil and Gorn, Zach and Kener, Andrew and Dana, Jason},
year = {2012},
title = {The default pull: An experimental demonstration of subtle default effects on preferences},
url = {http://journal.sjdm.org/10/10831a/jdm10831a.html},
keywords = {default;loss aversion;uncertainty},
pages = {69--76},
volume = {7},
number = {1},
issn = {1930-2975},
journal = {Judgment and Decision Making}
}


@misc{Diederich.2013,
author = {Diederich, Johannes and Goeschl, Timo},
year = {2013},
title = {To give or not to give: The price of contributing and the provision of public goods},
url = {http://www.nber.org/papers/w19332},
institution = {{National bureau of economic research}}
}


@article{Diederich.2014,
author = {Diederich, Johannes and Goeschl, Timo},
year = {2014},
title = {Willingness to Pay for Voluntary Climate Action and Its Determinants: Field-Experimental Evidence},
keywords = {C93;Climate change;EU ETS;field experiment;Online experiment;public goods;Q51;Q54;Voluntary climate action;Voluntary contributions;Willingness to pay},
pages = {405--429},
volume = {57},
number = {3},
issn = {0924-6460},
journal = {Environmental {\&} Resource Economics},
doi = {10.1007/s10640-013-9686-3}
}


@misc{Diederich.2015,
author = {Diederich, Johannes and Goeschl, Timo},
year = {2015},
title = {To Mitigate or Not to Mitigate: The Price Elasticity of Pro-Environmental Behavior},
keywords = {environmental public goods;EU-ETS;field experiment;Online experiment;price elasticity;Pro-environmental behavior},
institution = {{Heidelberg University}}
}


@article{Diederich.2016,
author = {Diederich, Johannes and Goeschl, Timo and Waichman, Israel},
year = {2016},
title = {Group size and the (in)efficiency of pure public good provision},
keywords = {Belief elicitation;Extra-laboratory experiment;Free riding;Large group;Public good game},
pages = {272--287},
volume = {85},
issn = {0014-2921},
journal = {European Economic Review},
doi = {10.1016/j.euroecorev.2016.03.001}
}


@article{Dietrich.2013,
author = {Dietrich, Franz and List, Christian},
year = {2013},
title = {Where do preferences come from?},
url = {http://link.springer.com/article/10.1007/s00182-012-0333-y},
keywords = {Endogenous preferences;Formal versus substantive rationality;Motivations;Perception;Preference change;Preference formation;Properties;Reasons},
pages = {613--637},
volume = {42},
number = {3},
issn = {0020-7276},
journal = {International Journal of Game Theory}
}


@article{Dietrich.2016,
author = {Dietrich, Franz and List, Christian},
year = {2016},
title = {Reason-based choice and context-dependence: An explanatory framework},
url = {https://halshs.archives-ouvertes.fr/halshs-01249514/},
keywords = {bounded and sophisticated rationality;context-dependence;prediction of choice;Rational choice;Reasons},
journal = {Economics and Philosophy}
}


@article{Dillard.2005,
author = {Dillard, James Price and Shen, Lijiang},
year = {2005},
title = {On the nature of reactance and its role in persuasive health communication},
keywords = {Anger;persuasion;Reactance;Threat to Freedom},
pages = {144--168},
volume = {72},
number = {2},
issn = {0363-7751},
journal = {Communication Monographs}
}


@article{Dinner.2011,
author = {Dinner, Isaac and Johnson, Eric J. and Goldstein, Daniel G. and Liu, Kaiya},
year = {2011},
title = {Partitioning default effects: Why people choose not to choose},
keywords = {Adult;Choice Behavior;Decision making;Defaults;Female;Humans;Male;Motivation;preference construction;query theory},
pages = {332--341},
volume = {17},
number = {4},
issn = {1939-2192},
journal = {Journal of Experimental Psychology. Applied},
doi = {10.1037/a0024354}
}


@article{Dolan.2012,
author = {Dolan, Paul and Hallsworth, M. and Halpern, D. and King, D. and Metcalfe, Robert D. and Vlaev, I.},
year = {2012},
title = {Influencing behaviour: The mindspace way},
keywords = {Behaviour change;Choice architecture;Context effects;Decision making;persuasion;Public Policy;Rationality},
pages = {264--277},
volume = {33},
number = {1},
issn = {0167-4870},
journal = {Journal of Economic Psychology},
doi = {10.1016/j.joep.2011.10.009}
}


@misc{Dolan.2015,
author = {Dolan, Paul and Metcalfe, Robert D.},
year = {2015},
title = {Neighbors, Knowledge, and Nuggets: Two Natural Field Experiments on the Role of Incentives on Energy Conservation},
keywords = {energy consumption;financial incentives;information;natural field experiment;Social norms},
address = {London},
edition = {2015/04/02},
number = {1222},
series = {Discussion Paper},
institution = {CEP},
doi = {10.2139/ssrn.2589269}
}


@misc{Duflo.2009,
author = {Duflo, Esther and Kremer, Michael and Robinson, Jonathan},
year = {2009},
title = {Nudging Farmers to Use Fertilizer: Theory and Experimental Evidence from Kenya},
publisher = {{National Bureau of Economic Research}}
}


@book{Durlauf.2008,
year = {2008},
title = {The new Palgrave dictionary of economics},
url = {http://www.sdum.uminho.pt/uploads/palgrave1.pdf},
publisher = {{Palgrave Macmillan Basingstoke}},
editor = {Durlauf, Steven N. and Blume, Lawrence}
}


@misc{Ebeling.2013,
author = {Ebeling, Felix},
year = {2013},
title = {Non-binding defaults and voluntary contributions to a public good: Clean evidence from a natural field experiment},
keywords = {D03;D12;Defaults;Framing;public goods;Q4;Randomized Field Experiments},
address = {Cologne},
number = {66},
publisher = {{University of Cologne, Department of Economics}},
series = {Working Paper Series in Economics},
institution = {{University of Cologne}}
}


@article{Ebeling.2015,
author = {Ebeling, Felix and Lotz, Sebastian},
year = {2015},
title = {Domestic uptake of green energy promoted by opt-out tariffs},
pages = {868},
volume = {5},
number = {9},
journal = {Nature Climate Change},
doi = {10.1038/nclimate2681}
}


@article{Eckel.2003,
author = {Eckel, Catherine C. and Grossman, Philip J.},
year = {2003},
title = {Rebate versus matching: does how we subsidize charitable contributions matter?},
pages = {681--701},
volume = {87},
number = {3--4},
issn = {0047-2727},
journal = {Journal of Public Economics},
doi = {10.1016/S0047-2727(01)00094-9}
}


@article{Edwards.2014,
author = {Edwards, James T. and List, John A.},
year = {2014},
title = {Toward an understanding of why suggestions work in charitable fundraising: Theory and evidence from a natural field experiment},
keywords = {charitable giving;Impure altruism;Public economics},
pages = {1--13},
volume = {114},
issn = {0047-2727},
journal = {Journal of Public Economics},
doi = {10.1016/j.jpubeco.2014.02.002}
}


@misc{Egan.2014,
author = {Egan, Mark},
year = {2014},
title = {Nudge Database v1.2},
url = {https://www.stir.ac.uk/media/schools/management/documents/economics/Nudge%20Database%201.2.pdf}
}


@article{Egebark.2016,
author = {Egebark, Johan and Ekstr{\"o}m, Mathias},
year = {2016},
title = {Can indifference make the world greener?},
keywords = {Default option;Moral appeal;natural field experiment;Resource conservation},
pages = {1--13},
volume = {76},
issn = {0095-0696},
journal = {Journal of Environmental Economics and Management},
doi = {10.1016/j.jeem.2015.11.004}
}


@article{Ekstrom.2012,
author = {Ekstr{\"o}m, Mathias},
year = {2012},
title = {Do watching eyes affect charitable giving? Evidence from a field experiment},
url = {http://link.springer.com/article/10.1007/s10683-011-9312-6/fulltext.html},
pages = {530--546},
volume = {15},
number = {3},
issn = {1386-4157},
journal = {Experimental Economics},
doi = {10.1007/s10683-011-9312-6}
}


@article{Ellingsen.2008,
author = {Ellingsen, Tore and Johannesson, Magnus},
year = {2008},
title = {Pride and Prejudice: The Human Side of Incentive Theory},
pages = {990--1008},
volume = {98},
number = {3},
issn = {00028282},
journal = {The American Economic Review},
doi = {10.1257/aer.98.3.990}
}


@article{Engel.2011,
author = {Engel, Christoph},
year = {2011},
title = {Dictator games: a meta study},
url = {http://link.springer.com/content/pdf/10.1007%2Fs10683-011-9283-7.pdf},
keywords = {Dictator game;Hurdle model;Meta-study;Multiple regression;Tobit},
pages = {583--610},
volume = {14},
number = {4},
issn = {1386-4157},
journal = {Experimental Economics},
doi = {10.1007/s10683-011-9283-7}
}


@article{Engel.2014,
author = {Engel, Christoph and Moffatt, Peter G.},
year = {2014},
title = {dhreg, xtdhreg, and bootdhreg: Commands to implement double-hurdle regression},
url = {ftp://papers.econ.mpg.de/IMPRS/SumSchool2015/priv/Engel/part%204/StataJ%20Print.pdf},
keywords = {bootdhreg;bootstrapping;dhreg;double-hurdle model;Hurdle model;inverse Mills ratio;p-tobit;random-effects double-hurdle model;st0359;Tobit;xtdhreg},
pages = {778--797},
volume = {14},
number = {4},
journal = {Stata Journal}
}


@article{Everett.2015,
author = {Everett, Jim A. C. and Caviola, Lucius and Kahane, Guy and Savulescu, Julian and Faber, Nadira S.},
year = {2015},
title = {Doing good by doing nothing? The role of social norms in explaining default effects in altruistic contexts},
url = {http://onlinelibrary.wiley.com/doi/10.1002/ejsp.2080/full},
pages = {230--241},
volume = {45},
number = {2},
journal = {European Journal of Social Psychology},
doi = {10.1002/ejsp.2080}
}


@misc{ExecutiveOfficeofthePresidentNationalScienceandTechnologyCouncil.2015,
author = {{Executive Office of the President National Science and Technology Council}},
year = {2015},
title = {Social and Behavioral Sciences Team 2015: Annual Report}
}


@article{Falk.2006,
author = {Falk, Armin and Kosfeld, Michael},
year = {2006},
title = {The Hidden Costs of Control},
pages = {1611--1630},
volume = {96},
number = {5},
issn = {00028282},
journal = {The American Economic Review},
doi = {10.2307/30034987}
}


@article{Fehr.2003,
author = {Fehr, Ernst and Rockenbach, Bettina},
year = {2003},
title = {Detrimental effects of sanctions on human altruism},
pages = {137--140},
volume = {422},
number = {6928},
journal = {Nature},
doi = {10.1038/nature01474}
}


@article{Fehr.2013,
author = {Fehr, Ernst and Herz, Holger and Wilkening, Tom},
year = {2013},
title = {The Lure of Authority: Motivation and Incentive Effects of Power},
pages = {1325--1359},
volume = {103},
number = {4},
issn = {00028282},
journal = {The American Economic Review},
doi = {10.1257/aer.103.4.1325}
}


@misc{Feller.2009,
author = {Feller, Avi and Holmes, Chris C.},
year = {2009},
title = {Beyond toplines: Heterogeneous treatment effects in randomized experiments}
}


@article{Felsen.2013,
author = {Felsen, Gidon and Castelo, Noah and Reiner, Peter B.},
year = {2013},
title = {Decisional enhancement and autonomy: Public attitudes towards overt and covert nudges},
keywords = {behavioral economics and policy;contrastive vignettes;decision aids},
pages = {202--213},
volume = {8},
number = {3},
issn = {1930-2975},
journal = {Judgment and Decision Making}
}


@article{Ferraro.2013,
author = {Ferraro, Paul J. and Price, Michael K.},
year = {2013},
title = {Using Nonpecuniary Strategies to Influence Behavior: Evidence from a Large-Scale Field Experiment},
pages = {64--73},
volume = {95},
number = {1},
issn = {0034-6535},
journal = {Review of Economics and Statistics},
doi = {10.1162/REST{\textunderscore }a{\textunderscore }00344}
}


@misc{Festre.2008,
author = {Festr{\'e}, Agn{\`e}s and Garrouste, Pierre},
year = {2008},
title = {Self-determination and incentives: a new look at the crowding out effect},
keywords = {complementarities;crowding out effect;incentives;intrinsic motivation;self-determination theory}
}


@article{Festre.2015,
author = {Festr{\'e}, Agn{\`e}s and Garrouste, Pierre},
year = {2015},
title = {Theory and evidence in psychology and economics about motivation crowding out: A possible convergence?},
keywords = {Agency theory;Experimental economics;incentives;intrinsic motivation;Monetary rewards;Motivation crowding out},
pages = {339--356},
volume = {29},
number = {2},
issn = {09500804},
journal = {Journal of Economic Surveys},
doi = {10.1111/joes.12059}
}


@article{Fischbacher.2007,
author = {Fischbacher, Urs},
year = {2007},
title = {z-Tree: Zurich toolbox for ready-made economic experiments},
pages = {171--178},
volume = {10},
number = {2},
issn = {1386-4157},
journal = {Experimental Economics}
}


@article{Fitzsimons.2004,
author = {Fitzsimons, Gavan J. and Lehmann, Donald R.},
year = {2004},
title = {Reactance to recommendations: When unsolicited advice yields contrary responses},
keywords = {decision support systems;intelligent agents;internet marketing;recommendations},
pages = {82--94},
volume = {23},
number = {1},
issn = {0732-2399},
journal = {Marketing Science}
}


@misc{Forbes.2015,
author = {Forbes},
year = {2015},
title = {The 50 Largest U.S. Charities},
url = {http://www.forbes.com/top-charities/list/}
}


@article{Forgas.2005,
author = {Forgas, Joseph P. and Laham, Simon M.},
year = {2005},
title = {The interaction between affect and motivation in social judgments and behavior},
url = {http://books.google.de/books?hl=de&lr=&id=6ryhkbj4cVsC&oi=fnd&pg=PA168&dq=The+interaction+between+affect+and+motivation+in+social+judgments+and+behavior.&ots=uWz9qOT3NQ&sig=YUJeh6ntfgOS241F0PU03LxzolQ},
pages = {168--193},
journal = {Social motivation: Conscious and unconscious processes}
}


@article{Fosgaard.2015,
author = {Fosgaard, Toke R. and Piovesan, Marco},
year = {2015},
title = {Nudge for (the Public) Good: How Defaults Can Affect Cooperation},
url = {http://journals.plos.org/plosone/article?id=10.1371/journal.pone.0145488},
pages = {e0145488},
volume = {10},
number = {12},
issn = {1932-6203},
journal = {PloS one}
}


@article{Frey.1992,
author = {Frey, Bruno S.},
year = {1992},
title = {Pricing and regulating affect environmental ethics},
keywords = {Effluent charges;environmental regulations;ethics;intrinsic motivation},
pages = {399--414},
volume = {2},
number = {4},
issn = {0924-6460},
journal = {Environmental {\&} Resource Economics},
doi = {10.1007/BF00304969}
}


@article{Frey.1997,
author = {Frey, Bruno S. and Oberholzer-Gee, Felix},
year = {1997},
title = {The Cost of Price Incentives: An Empirical Analysis of Motivation Crowding- Out},
pages = {746--755},
volume = {87},
number = {4},
issn = {00028282},
journal = {The American Economic Review},
doi = {10.2307/2951373}
}


@article{Frey.1999,
author = {Frey, Bruno S.},
year = {1999},
title = {Morality and Rationality in Environmental Policy},
pages = {395--417},
volume = {22},
number = {4},
issn = {0168-7034},
journal = {Journal of Consumer Policy},
doi = {10.1023/A:1006256117094}
}


@article{Frey.2001,
author = {Frey, Bruno S. and Jegen, Reto},
year = {2001},
title = {Motivation Crowding Theory},
keywords = {A12;Crowding effect;economic psychology;Experiments;intrinsic motivation;J33;L22;principal-agent theory},
pages = {589--611},
volume = {15},
number = {5},
issn = {09500804},
journal = {Journal of Economic Surveys},
doi = {10.1111/1467-6419.00150}
}


@incollection{Frey.2008,
author = {Frey, Bruno S. and Stutzer, Alois},
title = {Environmental morale and motivation},
pages = {406--428},
publisher = {{Cambridge University Press}},
isbn = {9780511490118},
editor = {Lewis, Alan},
booktitle = {The Cambridge Handbook of Psychology and Economic Behaviour},
year = {2008},
address = {Cambridge},
doi = {10.1017/CBO9780511490118.017}
}


@article{Funfgelt.2012,
author = {F{\"u}nfgelt, Joachim and Baumg{\"a}rtner, Stefan},
year = {2012},
title = {Regulation of morally responsible agents with motivation crowding},
journal = {Available at SSRN 2077515}
}


@article{Galizzi.2012,
author = {Galizzi, Matteo M.},
year = {2012},
title = {Label, nudge or tax? A review of health policies for risky behaviours},
pages = {14--21},
volume = {1},
number = {1},
issn = {2279-9028},
journal = {Journal of Public Health Research},
doi = {10.4081/jphr.2012.e5}
}


@article{Gelman.2012,
author = {Gelman, Andrew and Hill, Jennifer and Yajima, Masanao},
year = {2012},
title = {Why we (usually) don't have to worry about multiple comparisons},
pages = {189--211},
volume = {5},
number = {2},
issn = {1934-5747},
journal = {Journal of Research on Educational Effectiveness}
}


@book{Gerber.2012,
author = {Gerber, Alan S. and Green, Donald P.},
year = {2012},
title = {Field experiments: Design, analysis, and interpretation},
publisher = {{WW Norton}},
isbn = {0393979954}
}


@article{Gino.2009,
author = {Gino, Francesca and Shang, Jen and Croson, Rachel},
year = {2009},
title = {The impact of information from similar or different advisors on judgment},
keywords = {Advice taking;Difficulty;Informativeness;Judgment;Similarity},
pages = {287--302},
volume = {108},
number = {2},
issn = {0749-5978},
journal = {Organizational Behavior and Human Decision Processes},
doi = {10.1016/j.obhdp.2008.08.002}
}


@book{GlennW.HarrisonMortenIgelLauElisabetE.RutstromMelonieB.Sullivan.2005,
author = {{Glenn W. Harrison Morten Igel Lau Elisabet E. Rutstr{\"o}m Melonie B. Sullivan}},
year = {2005},
title = {Field Experiments in Economics},
publisher = {{Emerald Group Publishing Limited}},
isbn = {978-0-76231-174-3},
doi = {10.1016/S0193-2306(04)10005-7}
}


@article{Gneezy.2000,
author = {Gneezy, Uri and Rustichini, Aldo},
year = {2000},
title = {A Fine Is a Price},
pages = {1--17},
volume = {29},
journal = {Journal of Legal Studies}
}


@article{Gneezy.2000b,
author = {Gneezy, Uri and Rustichini, Aldo},
year = {2000},
title = {Pay Enough or Don't Pay at All},
pages = {791--810},
volume = {115},
number = {3},
issn = {00335533},
journal = {The Quarterly Journal of Economics},
doi = {10.2307/2586896}
}


@article{Gneezy.2011,
author = {Gneezy, Uri and Meier, Stephan and Rey-Biel, Pedro},
year = {2011},
title = {When and Why Incentives (Don't) Work to Modify Behavior},
pages = {191--209},
volume = {25},
number = {4},
issn = {08953309},
journal = {The Journal of Economic Perspectives},
doi = {10.2307/41337236}
}


@article{Gockeritz.2010,
author = {G{\"o}ckeritz, S. and Schultz, P. Wesley and Rend{\'o}n, T. and Cialdini, R. B. and Goldstein, Noah J. and Griskevicius, Vladas},
year = {2010},
title = {Descriptive normative beliefs and conservation behavior: the Moderating roles of personal involvement and injunctive normative beliefs},
pages = {514--523},
volume = {40},
journal = {European Journal of Social Psychology}
}


@article{Goeschl.2012,
author = {Goeschl, Timo and Perino, Grischa},
year = {2012},
title = {Instrument Choice and Motivation: Evidence from a Climate Change Experiment},
keywords = {C91;Externalities;H23;H41;Instrument choice;Motivation crowding;Q58},
pages = {195--212},
volume = {52},
number = {2},
issn = {0924-6460},
journal = {Environmental {\&} Resource Economics},
doi = {10.1007/s10640-011-9524-4}
}


@misc{Goeschl.2015,
author = {Goeschl, Timo and Kettner, Sara Elisa and Lohse, Johannes and Schwieren, Christiane},
year = {2015},
title = {What do we learn from public good games about voluntary climate action? Evidence from an artefactual field experiment},
keywords = {Climate change;Experiments;public goods}
}


@article{Goodman.1994,
author = {Goodman, Steven N. and Berlin, Jesse A.},
year = {1994},
title = {The use of predicted confidence intervals when planning experiments and the misuse of power when interpreting results},
url = {http://annals.org/article.aspx?articleid=707593},
pages = {200--206},
volume = {121},
number = {3},
issn = {0003-4819},
journal = {Annals of Internal Medicine}
}


@article{Goswami.2016,
author = {Goswami, Indranil and Urminsky, Oleg},
year = {2016},
title = {When should the ask be a nudge? The effect of default amounts on charitable donations},
keywords = {Choice;decision-making;default;donation;heuristic;policy;prosocial;suggested},
pages = {829--846},
volume = {53},
number = {5},
issn = {0022-2437},
journal = {Journal of Marketing Research},
doi = {10.1509/jmr.15.0001}
}


@article{Gowdy.2008,
author = {Gowdy, John M.},
year = {2008},
title = {Behavioral economics and climate change policy},
keywords = {Behavioral economics;Climate change;Cooperative behavior;Generalized Darwinism;Neuroeconomics;Rational actor model},
pages = {632--644},
volume = {68},
number = {3--4},
issn = {0167-2681},
journal = {Journal of Economic Behavior {\&} Organization},
doi = {10.1016/j.jebo.2008.06.011}
}


@article{Gravel.1994,
author = {Gravel, Nicolas},
year = {1994},
title = {Can a Ranking of Opportunity Sets Attach an Intrinsic Importance to Freedom of Choice?},
pages = {454--458},
volume = {84},
number = {2},
issn = {00028282},
journal = {The American Economic Review},
doi = {10.2307/2117876}
}


@book{GruneYanoff.2009,
year = {2009},
title = {Preference change: Approaches from philosophy, economics and psychology},
url = {https://books.google.com/books?hl=de&lr=&id=PMbaDgIDgqQC&oi=fnd&pg=PR9&dq=Preference+Change+Approaches+from+Philosophy&ots=U5q8n7cWH_&sig=bN9qbnp9UUMre0pAPaKrNBLRDJ8},
address = {Dordrecht},
publisher = {{Springer Science {\&} Business Media}},
isbn = {9048125936},
editor = {Gr{\"u}ne-Yanoff, Till and Hansson, Sven Ove}
}


@article{GruneYanoff.2015,
author = {Gr{\"u}ne-Yanoff, Till and Hertwig, Ralph},
year = {2015},
title = {Nudge Versus Boost: How Coherent are Policy and Theory?},
issn = {0924-6495},
journal = {Minds and Machines},
doi = {10.1007/s11023-015-9367-9}
}


@article{Haggag.2014,
author = {Haggag, Kareem and Paci, Giovanni},
year = {2014},
title = {Default tips},
pages = {1--19},
volume = {6},
number = {3},
issn = {1945-7782},
journal = {American Economic Journal: Applied Economics},
doi = {10.1257/app.6.3.1}
}


@article{Hagman.2015,
author = {Hagman, William and Andersson, David and V{\"a}stfj{\"a}ll, Daniel and Tingh{\"o}g, Gustav},
year = {2015},
title = {Public views on policies involving nudges},
keywords = {Behavioral economics;Behavioral policy;libertarian paternalism;Nudge;Paternalism},
pages = {439--453},
volume = {6},
number = {3},
issn = {1878-5158},
journal = {Review of Philosophy and Psychology},
doi = {10.1007/s13164-015-0263-2}
}


@article{Hansen.2013,
author = {Hansen, Pelle Guldborg and Jespersen, Andreas Maaloe},
year = {2013},
title = {Nudge and the manipulation of choice: A framework for the responsible use of the nudge approach to behaviour change in public policy},
url = {http://heinonlinebackup.com/hol-cgi-bin/get_pdf.cgi?handle=hein.journals/ejrr2013&section=5},
pages = {3--28},
volume = {4},
number = {1},
journal = {European Journal of Risk Regulation}
}


@article{Harrison.2004,
author = {Harrison, Glenn W. and List, John A.},
year = {2004},
title = {Field Experiments},
pages = {1009--1055},
volume = {42},
number = {4},
issn = {00220515},
journal = {Journal of Economic Literature}
}


@article{Hausman.2010,
author = {Hausman, Daniel M. and Welch, Brynn},
year = {2010},
title = {Debate: To Nudge or Not to Nudge},
url = {http://onlinelibrary.wiley.com/doi/10.1111/j.1467-9760.2009.00351.x/full},
pages = {123--136},
volume = {18},
number = {1},
issn = {1467-9760},
journal = {Journal of Political Philosophy}
}


@misc{Haynes.2012,
author = {Haynes, Laura and Goldacre, Ben and Torgerson, David},
year = {2012},
title = {Test, learn, adapt: developing public policy with randomised controlled trials}
}


@article{Hedlin.2016,
author = {Hedlin, Simon and Sunstein, Cass R.},
year = {2016},
title = {Does active choosing promote green energy use? Experimental evidence},
url = {http://heinonline.org/HOL/Page?handle=hein.journals/eclawq43&div=6&g_sent=1&collection=journals},
keywords = {active choosing;Behavioral economics;default rules;forced choice;green defaults},
pages = {107--142},
volume = {43},
number = {1},
journal = {Ecology Law Quarterly},
doi = {10.2139/ssrn.2624359}
}


@article{Heyman.2004,
author = {Heyman, James and Ariely, Dan},
year = {2004},
title = {Effort for Payment A Tale of Two Markets},
url = {http://pss.sagepub.com/content/15/11/787.full},
pages = {787--793},
volume = {15},
number = {11},
issn = {1467-9280},
journal = {Psychological Science},
doi = {10.1111/j.0956-7976.2004.00757.x}
}


@article{Hilton.2014,
author = {Hilton, Denis and Charalambides, Laetitia and Demarque, Christophe and Waroquier, Laurent and Raux, Charles},
year = {2014},
title = {A tax can nudge: The impact of an environmentally motivated bonus/malus fiscal system on transport preferences},
keywords = {3900;3920;4000;4070;4090;Behavioral economics;Consumer behavior;Conventions and norms;D03;Environment;H23;L91;Q58;Social influence;Taxation},
pages = {17--27},
volume = {42},
issn = {0167-4870},
journal = {Journal of Economic Psychology},
doi = {10.1016/j.joep.2014.02.007}
}


@article{Hong.1996,
author = {Hong, S.-M. and Faedda, S.},
year = {1996},
title = {Refinement of the Hong psychological reactance scale},
pages = {173--182},
volume = {56},
number = {1},
issn = {0013-1644},
journal = {Educational and Psychological Measurement},
doi = {10.1177/0013164496056001014}
}


@misc{HouseofLordsReport.2011,
author = {{House of Lords Report}},
year = {2011},
title = {Behaviour Change},
url = {http://www.publications.parliament.uk/pa/ld201012/ldselect/ldsctech/179/179.pdf},
address = {London},
urlyear = {17.08.2016},
editor = {{House of Lords}}
}


@article{Hwang.2014,
author = {Hwang, Sung-Ha and Bowles, Samuel},
year = {2014},
title = {Optimal Incentives with State-Dependent Preferences},
pages = {681--705},
volume = {16},
number = {5},
issn = {10973923},
journal = {Journal of Public Economic Theory},
doi = {10.1111/jpet.12077}
}


@misc{Irlenbusch.2005,
author = {Irlenbusch, Bernd and Sliwka, Dirk},
year = {2005},
title = {Incentives, decision frames, and motivation crowding out-an experimental investigation}
}


@misc{Jachimowicz.20160204,
author = {Jachimowicz, Jon M. and Duncan, Shannon and Weber, Elke U.},
year = {2016/02/04},
title = {Default-Rejection: The Hidden Cost of Defaults},
keywords = {Choice architecture;decision-making;Defaults;Nudge;Preferences},
doi = {10.2139/ssrn.2727301}
}


@article{Jacobsen.2011,
author = {Jacobsen, Grant D.},
year = {2011},
title = {The Al Gore effect: An Inconvenient Truth and voluntary carbon offsets},
keywords = {Al Gore;An inconvenient truth;Awareness campaign;Climate change;Voluntary carbon offsets},
pages = {67--78},
volume = {61},
number = {1},
issn = {0095-0696},
journal = {Journal of Environmental Economics and Management},
doi = {10.1016/j.jeem.2010.08.002}
}


@article{Johnson.2003,
author = {Johnson, Eric J. and Goldstein, Daniel G.},
year = {2003},
title = {Do defaults save lives?},
pages = {1338--1339},
volume = {302},
issn = {1095-9203},
journal = {Science}
}


@article{Johnson.2012,
author = {Johnson, Eric J. and Shu, Suzanne B. and Dellaert, Benedict G. C. and Fox, Craig and Goldstein, Daniel G. and H{\"a}ubl, Gerald and Larrick, Richard P. and Payne, John W. and Peters, Ellen and Schkade, David and Wansink, Brian and Weber, Elke U.},
year = {2012},
title = {Beyond nudges: Tools of a choice architecture},
keywords = {Choice architecture;Decision support;Describing attributes;Options and alternatives},
pages = {487--504},
volume = {23},
number = {2},
issn = {0923-0645},
journal = {Marketing Letters},
doi = {10.1007/s11002-012-9186-1}
}


@article{Jung.2016,
author = {Jung, Janice Y. and Mellers, Barbara A.},
year = {2016},
title = {American attitudes toward nudges},
url = {http://journal.sjdm.org/15/15824a/jdm15824a.html},
keywords = {attitudes;Choice architecture;dual;Framing;individual dispositions;libertarian paternalism;Nudges;perceptions;systems},
pages = {62--74},
volume = {11},
number = {1},
issn = {1930-2975},
journal = {Judgment and Decision Making}
}


@article{Kahneman.1986,
author = {Kahneman, Daniel and Knetsch, Jack L. and Thaler, Richard H.},
year = {1986},
title = {Fairness as a Constraint on Profit Seeking: Entitlements in the Market},
pages = {728--741},
volume = {76},
number = {4},
issn = {00028282},
journal = {The American Economic Review},
doi = {10.2307/1806070}
}


@article{Kahneman.1991,
author = {Kahneman, Daniel and Knetsch, Jack L. and Thaler, Richard H.},
year = {1991},
title = {Anomalies: The endowment effect, loss aversion, and status quo bias},
url = {http://www.jstor.org/stable/1942711},
pages = {193--206},
volume = {5},
number = {1},
issn = {08953309},
journal = {The Journal of Economic Perspectives}
}


@article{Kakinaka.2011,
author = {Kakinaka, Makoto and Kotani, Koji},
year = {2011},
title = {An interplay between intrinsic and extrinsic motivations on voluntary contributions to a public good in a large economy},
keywords = {Intrinsic and extrinsic motivations;Large economy;Voluntary contribution},
pages = {29--41},
volume = {147},
number = {1-2},
issn = {0048-5829},
journal = {Public Choice},
doi = {10.1007/s11127-010-9602-0}
}


@article{Kallbekken.2011,
author = {Kallbekken, Steffen and Kroll, Stephan and Cherry, Todd L.},
year = {2011},
title = {Do you not like Pigou, or do you not understand him? Tax aversion and revenue recycling in the lab},
keywords = {Behavioral economics;Experiments;Pigouvian tax;Tax aversion},
pages = {53--64},
volume = {62},
number = {1},
issn = {0095-0696},
journal = {Journal of Environmental Economics and Management},
doi = {10.1016/j.jeem.2010.10.006}
}


@article{Kamenica.2012,
author = {Kamenica, Emir},
year = {2012},
title = {Behavioral Economics and Psychology of Incentives},
pages = {427--452},
volume = {4},
number = {1},
issn = {1941-1383},
journal = {Annual Review of Economics},
doi = {10.1146/annurev-economics-080511-110909}
}


@article{Kelley.1980,
author = {Kelley, Harold H. and Michela, John L.},
year = {1980},
title = {Attribution theory and research},
url = {http://www.annualreviews.org/doi/pdf/10.1146/annurev.ps.31.020180.002325},
pages = {457--501},
volume = {31},
number = {1},
issn = {0066-4308},
journal = {Annual Review of Psychology}
}


@misc{Kesternich.2014,
author = {Kesternich, Martin and L{\"o}schel, Andreas and R{\"o}mer, Daniel},
year = {2014},
title = {The long-term impact of matching and rebate subsidies when public goods are impure: Field experimental evidence from the carbon offsetting market},
keywords = {matching subsidy;public goods;randomized field experiment;rebate subsidy;Voluntary carbon offsets},
number = {14-098},
institution = {ZEW}
}


@article{Kirchgassner.2015,
author = {Kirchg{\"a}ssner, Gebhard},
year = {2015},
title = {Soft paternalism, merit goods, and normative individualism},
keywords = {Constitutional economics;Democracy;libertarian paternalism;Merit goods;Normative individualism;Soft paternalism},
pages = {1--28},
issn = {0929-1261},
journal = {European Journal of Law and Economics},
doi = {10.1007/s10657-015-9500-5}
}


@article{Kollmuss.2002,
author = {Kollmuss, Anja and Agyeman, Julian},
year = {2002},
title = {Mind the gap: why do people act environmentally and what are the barriers to pro-environmental behavior?},
pages = {239--260},
volume = {8},
number = {3},
issn = {1350-4622},
journal = {Environmental Education Research}
}


@article{Kotchen.2009,
author = {Kotchen, Matthew J.},
year = {2009},
title = {Voluntary provision of public goods for bads: A theory of environmental offsets},
url = {http://onlinelibrary.wiley.com/doi/10.1111/j.1468-0297.2008.02215.x/full},
pages = {883--899},
volume = {119},
number = {537},
journal = {The Economic Journal},
doi = {10.1111/j.1468-0297.2008.02215.x}
}


@article{Kotchen.2013,
author = {Kotchen, Matthew J.},
year = {2013},
title = {Voluntary-and information-based approaches to environmental management: A public economics perspective},
url = {http://reep.oxfordjournals.org/content/early/2013/06/27/reep.ret012.short},
pages = {276--295},
volume = {7},
number = {2},
issn = {1750-6816},
journal = {Review of Environmental Economics and Policy}
}


@article{KraftTodd.2015,
author = {Kraft-Todd, Gordon and Yoeli, Erez and Bhanot, Syon and Rand, David},
year = {2015},
title = {Promoting cooperation in the field},
pages = {96--101},
volume = {3},
issn = {2352-1546},
journal = {Current Opinion in Behavioral Sciences},
doi = {10.1016/j.cobeha.2015.02.006}
}


@article{Kroese.2016,
author = {Kroese, Floor M. and Marchiori, David R. and Ridder, Denise T. D. de},
year = {2016},
title = {Nudging healthy food choices: a field experiment at the train station},
url = {http://jpubhealth.oxfordjournals.org/content/38/2/e133.short},
keywords = {food choices;healthy eating;nudging},
pages = {e133-e137},
volume = {38},
number = {2},
issn = {1741-3842},
journal = {Journal of Public Health}
}


@article{Kuang.2007,
author = {Kuang, Xi and Weber, Roberto A. and Dana, Jason},
year = {2007},
title = {How effective is advice from interested parties? An experimental test using a pure coordination game},
keywords = {Advice;Coordination games;Equilibrium selection},
pages = {591--604},
volume = {62},
number = {4},
issn = {0167-2681},
journal = {Journal of Economic Behavior {\&} Organization},
doi = {10.1016/j.jebo.2005.03.010}
}


@article{Lanchava.2013,
author = {Lanchava, Lasha},
year = {2013},
title = {Free to Choose: An Experimental Investigation of the Value of Free Choice},
issn = {1556-5068},
journal = {SSRN Electronic Journal},
doi = {10.2139/ssrn.2339122}
}


@article{Landry.2006,
author = {Landry, Craig and Lange, Andreas and List, John A. and Price, Michael K. and Rupp, Nicholas G.},
year = {2006},
title = {Toward an understanding of the economics of charity: Evidence from a field experiment},
keywords = {Charities},
pages = {747--782},
volume = {121},
number = {2},
issn = {00335533},
journal = {The Quarterly Journal of Economics}
}


@article{Lange.2015,
author = {Lange, Andreas and Schwirplies, Claudia and Ziegler, Andreas},
year = {2015},
title = {On the interrelation between the consumption of impure public goods and direct donations: Theory and empirical evidence}
}


@misc{LaRiviere.2014,
author = {LaRiviere, Jacob and Holladay, Scott and Novgorodsky, David and Price, Michael K.},
year = {2014},
title = {Prices vs. Nudges: A Large Field Experiment on Energy: Efficiency Fixed Cost Investments}
}


@article{Laurin.2012,
author = {Laurin, Kristin and Kay, Aaron C. and Fitzsimons, Gavan J.},
year = {2012},
title = {Reactance Versus Rationalization Divergent Responses to Policies That Constrain Freedom},
url = {http://pss.sagepub.com/content/23/2/205.full},
pages = {205--209},
volume = {23},
number = {2},
issn = {1467-9280},
journal = {Psychological Science},
doi = {10.1177/0956797611429468}
}


@article{Lavergne.2010,
author = {Lavergne, Karine J. and Sharp, Elizabeth C. and Pelletier, Luc G. and Holtby, Alixandra},
year = {2010},
title = {The role of perceived government style in the facilitation of self-determined and~non self-determined motivation for pro-environmental behavior},
keywords = {Government environmental policy;Motivation;Pro-environmental behavior;self-determination theory},
pages = {169--177},
volume = {30},
number = {2},
issn = {0272-4944},
journal = {Journal of Environmental Psychology},
doi = {10.1016/j.jenvp.2009.11.002}
}


@phdthesis{Lecouteux.2015,
author = {Lecouteux, Guilhem},
year = {2015},
title = {Reconciling Normative and Behavioural Economics},
type = {Docteur de l'{\'E}cole Polytechnique}
}


@article{Lehner.2015,
author = {Lehner, Matthias and Mont, Oksana and Heiskanen, Eva},
year = {2015},
title = {Nudging - a promising tool for sustainable consumption behaviour?},
keywords = {Behaviour change;Behaviour change Energy;Energy;food;Nudge;nudging;sustainable consumption;transport},
issn = {0959-6526},
journal = {Journal of Cleaner Production},
doi = {10.1016/j.jclepro.2015.11.086}
}


@article{Levitt.2009,
author = {Levitt, Steven D. and List, John A.},
year = {2009},
title = {Field experiments in economics: The past, the present, and the future},
keywords = {Field experiments},
pages = {1--18},
volume = {53},
number = {1},
issn = {0014-2921},
journal = {European Economic Review}
}


@book{Lewis.2008,
year = {2008},
title = {The Cambridge Handbook of Psychology and Economic Behaviour},
address = {Cambridge},
publisher = {{Cambridge University Press}},
isbn = {9780511490118},
editor = {Lewis, Alan},
doi = {10.1017/CBO9780511490118}
}


@article{Leys.2010,
author = {Leys, Christophe and Schumann, Sandy},
year = {2010},
title = {A nonparametric method to analyze interactions: The adjusted rank transform test},
url = {http://www.sciencedirect.com/science/article/pii/S002210311000034X},
keywords = {Adjusted rank transformation;Factorial design;Interaction;Nonparametric test;Rank test},
pages = {684--688},
volume = {46},
number = {4},
issn = {0022-1031},
journal = {Journal of Experimental Social Psychology}
}


@article{List.2005,
author = {List, John A.},
year = {2005},
title = {Scientific Numerology, Preference Anomalies, and Environmental Policymaking},
pages = {35--53},
volume = {32},
number = {1},
issn = {0924-6460},
journal = {Environmental {\&} Resource Economics},
doi = {10.1007/s10640-005-6027-1}
}


@article{List.2008,
author = {List, John A.},
year = {2008},
title = {Introduction to field experiments in economics with applications to the economics of charity},
pages = {203--212},
volume = {11},
number = {3},
issn = {1386-4157},
journal = {Experimental Economics},
doi = {10.1007/s10683-008-9201-9}
}


@article{List.2011,
author = {List, John A.},
year = {2011},
title = {Why Economists Should Conduct Field Experiments and 14 Tips for Pulling One Off},
pages = {3--16},
volume = {25},
number = {3},
issn = {0895-3309},
journal = {Journal of Economic Perspectives},
doi = {10.1257/jep.25.3.3}
}


@article{List.2011b,
author = {List, John A. and Rasul, Imran},
year = {2011},
title = {Field Experiments in Labor Economics},
keywords = {Field experiments;Labor economics},
pages = {103--228},
volume = {4A},
journal = {Handbook of Labor Economics}
}


@article{List.2011c,
author = {List, John A. and Sadoff, Sally and Wagner, Mathis},
year = {2011},
title = {So you want to run an experiment, now what? Some simple rules of thumb for optimal experimental design},
url = {http://link.springer.com/article/10.1007/s10683-011-9275-7},
keywords = {Experimental design},
pages = {439--457},
volume = {14},
number = {4},
issn = {1386-4157},
journal = {Experimental Economics}
}


@book{List.2013,
author = {List, John A. and Price, Michael K.},
year = {2013},
title = {Handbook on experimental economics and the environment},
keywords = {Environmental economics;Experiment;Experimental economics;Gefangenendilemma;Kosten-Nutzen-Analyse;{\"O}ffentliches Gut;Spieltheorie;Test;Umwelt{\"o}konomie;Umweltzertifikathandel;Wirtschaftswissenschaften;Zahlungsbereitschaft},
address = {Cheltenham, UK},
publisher = {{Edward Elgar}},
isbn = {184720645X}
}


@misc{List.2013b,
author = {List, John A. and Price, Michael K.},
year = {2013},
title = {Using Field Experiments in Environmental and Resource Economics},
address = {Cambridge, MA},
publisher = {{National Bureau of Economic Research}},
doi = {10.3386/w19289}
}


@article{List.2014,
author = {List, John A. and Metcalfe, Robert D.},
year = {2014},
title = {Field experiments in the developed world: An introduction},
keywords = {causality;Field experiments;Public Policy},
pages = {585--596},
volume = {30},
number = {4},
issn = {0266-903X},
journal = {Oxford Review of Economic Policy},
doi = {10.1093/oxrep/grv005}
}


@misc{List.2016,
author = {List, John A. and Shaikh, Azeem M. and Xu, Yang},
year = {2016},
title = {Multiple Hypothesis Testing in Experimental Economics},
url = {http://www.nber.org/papers/w21875.pdf},
number = {w21875},
series = {National Bureau of Economic Research}
}


@article{Loewenstein.1999,
author = {Loewenstein, George},
year = {1999},
title = {Experimental Economics From the Vantage--point of Behavioural Economics},
url = {http://onlinelibrary.wiley.com/doi/10.1111/1468-0297.00400/pdf},
pages = {25--34},
volume = {109},
number = {453},
journal = {The Economic Journal},
doi = {10.1111/1468-0297.00400}
}


@article{Loewenstein.2014,
author = {Loewenstein, George and Sunstein, Cass R. and Golman, Russell},
year = {2014},
title = {Disclosure: Psychology Changes Everything},
keywords = {Behavioral economics;Mandatory Disclosure;Moral Licensing;Nudges;Regulation;Telltale Heart Effect},
pages = {391--433},
volume = {6},
issn = {1941-1383},
journal = {Annual Review of Economics}
}


@article{Loewenstein.2015,
author = {Loewenstein, George and Bryce, Cindy and Hagmann, David and Rajpal, Sachin},
year = {2015},
title = {Warning: You Are About To Be Nudged},
url = {http://ssrn.com/abstract=2417383},
pages = {35--42},
volume = {1},
number = {1},
journal = {Behavioral Science {\&} Policy},
doi = {10.2139/ssrn.2417383}
}


@article{Lofgren.2012,
author = {L{\"o}fgren, {\AA}sa and Martinsson, Peter and Hennlock, Magnus and Sterner, Thomas},
year = {2012},
title = {Are experienced people affected by a pre-set default option: Results from a field experiment},
keywords = {CO2 offsetting;Default option;field experiment;public goods},
pages = {66--72},
volume = {63},
number = {1},
issn = {0095-0696},
journal = {Journal of Environmental Economics and Management},
doi = {10.1016/j.jeem.2011.06.002}
}


@misc{Loschel.2010,
author = {L{\"o}schel, Andreas and Sturm, Bodo and Vogt, Carsten},
year = {2010},
title = {The demand for climate protection: An empirical assessment for Germany},
url = {http://papers.ssrn.com/sol3/papers.cfm?abstract_id=1692621},
number = {10-068},
series = {Discussion Paper No. 10-068},
institution = {{ZEW - Centre for European Economic Research}}
}


@article{Loschel.2013,
author = {L{\"o}schel, Andreas and Sturm, Bodo and Vogt, Carsten},
year = {2013},
title = {The demand for climate protection: Empirical evidence from Germany},
keywords = {Demand for climate protection;Experimental economics;Willingness to pay},
pages = {415--418},
volume = {118},
number = {3},
issn = {01651765},
journal = {Economics Letters},
doi = {10.1016/j.econlet.2012.12.007}
}


@misc{Lourenco.2016,
author = {Lourenco, Joana Sousa and Ciriolo, Emanuele and Almeida, Sara Rafael and Troussard, Xavier},
year = {2016},
title = {Behavioural insights applied to policy: European Report 2016},
url = {http://publications.jrc.ec.europa.eu/repository/bitstream/JRC100146/kjna27726enn_new.pdf},
urlyear = {17.08.2016},
institution = {{European Commission}}
}


@article{Madrian.2001,
author = {Madrian, Brigitte C. and Shea, Dennis F.},
year = {2001},
title = {The power of suggestion: Inertia in 401 (k) participation and savings behavior},
pages = {1149--1187},
volume = {116},
number = {4},
issn = {00335533},
journal = {The Quarterly Journal of Economics}
}


@article{Mangham.2009,
author = {Mangham, Lindsay J. and Hanson, Kara and McPake, Barbara},
year = {2009},
title = {How to do (or not to do)$\ldots$ Designing a discrete choice experiment for application in a low-income country},
url = {http://heapol.oxfordjournals.org/content/24/2/151.short},
keywords = {Discrete choice experiment;methodology;quantitative;stated preference technique},
pages = {151--158},
volume = {24},
number = {2},
issn = {0268-1080},
journal = {Health Policy and Planning}
}


@article{Marechal.2007,
author = {Mar{\'e}chal, Kevin},
year = {2007},
title = {The economics of climate change and the change of climate in economics},
pages = {5181--5194},
volume = {35},
number = {10},
issn = {03014215},
journal = {Energy Policy},
doi = {10.1016/j.enpol.2007.05.009}
}


@article{McKenzie.2006,
author = {McKenzie, Craig R. M. and Liersch, Michael J. and Finkelstein, Stacey R.},
year = {2006},
title = {Recommendations implicit in policy defaults},
url = {http://pss.sagepub.com/content/17/5/414.full},
pages = {414--420},
volume = {17},
number = {5},
issn = {1467-9280},
journal = {Psychological Science},
doi = {10.1111/j.1467-9280.2006.01721.x}
}


@article{Meier.2007,
author = {Meier, Stephan},
year = {2007},
title = {Do subsidies increase charitable giving in the long run? Matching donations in a field experiment},
keywords = {C93;D64;HOO},
pages = {1203--1222},
volume = {5},
number = {6},
issn = {1542-4774},
journal = {Journal of the European Economic Association},
doi = {10.1162/JEEA.2007.5.6.1203}
}


@article{Mellstrom.2008,
author = {Mellstr{\"o}m, Carl and Johannesson, Magnus},
year = {2008},
title = {Crowding out in blood donation: was Titmuss right?},
pages = {845--863},
volume = {6},
number = {4},
issn = {1542-4774},
journal = {Journal of the European Economic Association},
doi = {10.1162/JEEA.2008.6.4.845}
}


@misc{Merk.2016,
author = {Merk, Christine},
year = {2016},
title = {The impact of social information on individuals' climate change mitigation},
url = {http://macau.uni-kiel.de/servlets/MCRFileNodeServlet/dissertation_derivate_00006609/Dissertation_Christine_Merk.pdf?hosts=#page=89}
}


@misc{Michalek.2015,
author = {Michalek, Gabriela and Meran, Georg and Schwarze, Reimund and Yildiz, {\"O}zg{\"u}r},
year = {2015},
title = {Nudging as a new 'soft' tool in environmental policy. An analysis based on insights from cognitive and social psychology},
url = {https://ideas.repec.org/p/euv/dpaper/21.html},
keywords = {behavioural economics;environmental policy.;green nudges;household emissions;nudging},
institution = {{RECAP15, European University Viadrina, Frankfurt (Oder)}}
}


@article{Miller.2007,
author = {Miller, Claude H. and Lane, Lindsay T. and Deatrick, Leslie M. and Young, Alice M. and Potts, Kimberly A.},
year = {2007},
title = {Psychological reactance and promotional health messages: The effects of controlling language, lexical concreteness, and the restoration of freedom},
url = {http://onlinelibrary.wiley.com/doi/10.1111/j.1468-2958.2007.00297.x/full},
pages = {219--240},
volume = {33},
number = {2},
issn = {1468-2958},
journal = {Human Communication Research}
}


@article{Min.2002,
author = {Min, Yongyi and Agresti, Alan},
year = {2002},
title = {Modeling nonnegative data with clumping at zero: a survey},
url = {http://jirss.irstat.ir/browse.php?a_code=A-10-1-27&slc_lang=en&sid=1&sw=},
pages = {7--33},
volume = {1},
number = {1},
journal = {Journal of Iranian Statistical Society}
}


@misc{Moffatt.2016,
author = {Moffatt, Peter G.},
year = {2016},
title = {Topics in Experimetrics},
address = {Hamburg}
}


@article{Mols.2015,
author = {Mols, Frank and Haslam, S. Alexander and Jetten, Jolanda and Steffens, Niklas K.},
year = {2015},
title = {Why a nudge is not enough: A social identity critique of governance by stealth},
keywords = {modes of governance;norms;nudging;persuasion;social identity theory},
pages = {81--98},
volume = {54},
number = {1},
issn = {03044130},
journal = {European Journal of Political Research},
doi = {10.1111/1475-6765.12073}
}


@article{Morris.2005,
author = {Morris, Jon D. and Woo, ChongMoo and Singh, A. J.},
year = {2005},
title = {Elaboration likelihood model: A missing intrinsic emotional implication},
url = {http://www.ingentaconnect.com/content/pal/jt/2005/00000014/00000001/art00007},
pages = {79--98},
volume = {14},
number = {1},
issn = {0967-3237},
journal = {Journal of Targeting, Measurement and Analysis for Marketing}
}


@article{Munscher.2015,
author = {M{\"u}nscher, Robert and Vetter, Max and Scheuerle, Thomas},
year = {2015},
title = {A Review and Taxonomy of Choice Architecture Techniques},
url = {http://onlinelibrary.wiley.com/doi/10.1002/bdm.1897/full},
keywords = {behavior change;Choice architecture;Decision making;intervention design;Nudge},
issn = {1099-0771},
journal = {Journal of Behavioral Decision Making},
doi = {10.1002/bdm.1897}
}


@article{Nagatsu.2015,
author = {Nagatsu, Michiru},
year = {2015},
title = {Social Nudges: Their Mechanisms and Justification: Review of Philosophy and Psychology},
pages = {481--494},
volume = {6},
number = {3},
issn = {1878-5158},
journal = {Review of Philosophy and Psychology},
doi = {10.1007/s13164-015-0245-4}
}


@article{Nannen.2010,
author = {Nannen, Volker and {van den Bergh}, J. C. J. M.},
year = {2010},
title = {Policy instruments for evolution of bounded rationality: Application to climate--energy problems},
keywords = {Agent-based modeling;Behavioral economics;Climate policy;Evolutionary economics;Relative welfare;Social network},
pages = {76--93},
volume = {77},
number = {1},
issn = {0040-1625},
journal = {Technological Forecasting and Social Change},
doi = {10.1016/j.techfore.2009.05.003}
}


@article{Nyborg.1999,
author = {Nyborg, Karine},
year = {1999},
title = {Informational Aspect of Environment Policy Deserves More Attention: Comment on the Paper by Frey},
pages = {419--427},
volume = {22},
number = {4},
issn = {0168-7034},
journal = {Journal of Consumer Policy},
doi = {10.1023/A:1006202700256}
}


@article{Nyborg.2003,
author = {Nyborg, Karine and Rege, Mari},
year = {2003},
title = {Does Public Policy Crowd Out Private Contributions to Public Goods},
pages = {397--418},
volume = {115},
number = {3/4},
issn = {0048-5829},
journal = {Public Choice},
doi = {10.1023/A:1024245522958}
}


@article{Nyborg.2016,
author = {Nyborg, Karine and Anderies, John M. and Dannenberg, Astrid and Lindahl, Therese and Schill, Caroline and Schl{\"u}ter, Maja and Adger, W. Neil and Arrow, Kenneth J. and Barrett, Scott and Carpenter, Stephen and Chapin, F. Stuart and Cr{\'e}pin, Anne-Sophie and Daily, Gretchen and Ehrlich, Paul and Folke, Carl and Jager, Wander and Kautsky, Nils and Levin, Simon A. and Madsen, Ole Jacob and Polasky, Stephen and Scheffer, Marten and Walker, Brian and Weber, Elke U. and Wilen, James and Xepapadeas, Anastasios and Zeeuw, Aart de},
year = {2016},
title = {Social norms as solutions},
url = {http://science.sciencemag.org/content/sci/354/6308/42.full.pdf},
pages = {42--43},
volume = {354},
number = {6308},
issn = {1095-9203},
journal = {Science},
doi = {10.1126/science.aaf8317}
}


@article{OKeefe.2008,
author = {O'Keefe, Daniel J.},
year = {2008},
title = {Elaboration likelihood model},
pages = {1475--1480},
volume = {4},
journal = {International Encyclopedia of Communication}
}


@article{Olander.2014,
author = {{\"O}lander, Folke and Th{\o}gersen, John},
year = {2014},
title = {Informing versus nudging in environmental policy},
url = {http://link.springer.com/article/10.1007/s10603-014-9256-2},
pages = {341--356},
volume = {37},
number = {3},
issn = {0168-7034},
journal = {Journal of Consumer Policy}
}


@misc{Oullier.2011,
author = {Oullier, Olivier and Sauneron, Sarah},
year = {2011},
title = {{\dq}Green nudges{\dq}: new incentives for ecological behaviour},
number = {216},
institution = {{Department of social affairs} and {Centre d'analyse strat{\'e}gique}}
}


@article{Owens.2014,
author = {Owens, David and Grossman, Zachary and Fackler, Ryan},
year = {2014},
title = {The control premium: A preference for payoff autonomy},
url = {http://www.ingentaconnect.com/content/aea/aejmi/2014/00000006/00000004/art00005},
pages = {138--161},
volume = {6},
number = {4},
issn = {1945-7669},
journal = {American Economic Journal: Microeconomics}
}


@article{Pavey.2009,
author = {Pavey, Louisa and Sparks, Paul},
year = {2009},
title = {Reactance, autonomy and paths to persuasion: Examining perceptions of threats to freedom and informational value},
keywords = {autonomy;Health;Motivation;persuasion;Reactance},
pages = {277--290},
volume = {33},
number = {3},
journal = {Motivation and Emotion},
doi = {10.1007/s11031-009-9137-1}
}


@incollection{Pelletier.2011,
author = {Pelletier, LucG. and Baxter, Daniel and Huta, Veronika},
title = {Personal Autonomy and Environmental Sustainability},
pages = {257--277},
volume = {1},
publisher = {{Springer Netherlands}},
isbn = {978-90-481-9666-1},
series = {Cross-Cultural Advancements in Positive Psychology},
editor = {Chirkov, Valery I. and Ryan, Richard M. and Sheldon, Kennon M.},
booktitle = {Human Autonomy in Cross-Cultural Context},
year = {2011},
doi = {10.1007/978-90-481-9667-8{\textunderscore }12}
}


@article{Perino.2014,
author = {Perino, Grischa and Panzone, Luca A. and Swanson, Timothy},
year = {2014},
title = {Motivation crowding in real consumption decisions: Who is messing with my groceries?},
keywords = {C93;H23;H41);Q18;Q54;Q58},
pages = {592--607},
volume = {52},
number = {2},
issn = {00952583},
journal = {Economic Inquiry},
doi = {10.1111/ecin.12024}
}


@article{Perino.2015,
author = {Perino, Grischa},
year = {2015},
title = {Climate campaigns, cap and trade, and carbon leakage: Why trying to reduce your carbon footprint can harm the climate},
keywords = {cap-and-trade schemes;carbon leakage;Climate campaigns;green consumerism},
pages = {469--495},
volume = {2},
number = {3},
issn = {23335955},
journal = {Journal of the Association of Environmental and Resource Economists},
doi = {10.1086/682572}
}


@misc{Perino.2015b,
author = {Perino, Grischa and Willner, Maximilian},
year = {2015},
title = {The price and emission effects of a market stability reserve in a competitive allowance market},
number = {28},
series = {WiSo-HH Working Paper Series}
}


@article{Petty.1986,
author = {Petty, Richard E. and Cacioppo, John T.},
year = {1986},
title = {The elaboration likelihood model of persuasion},
url = {http://www.sciencedirect.com/science/article/pii/S0065260108602142/pdf?md5=f7a75f8bce881674ea11da1bc8eb16a1&pid=1-s2.0-S0065260108602142-main.pdf&_valck=1},
pages = {123--205},
volume = {19},
issn = {0065-2601},
journal = {Advances in Experimental Social Psychology}
}


@article{Pichert.2008,
author = {Pichert, Daniel and Katsikopoulos, Konstantinos V.},
year = {2008},
title = {Green defaults: Information presentation and pro-environmental behaviour},
keywords = {Decision research;Defaults;Energy;Policy Making;Pro-environmental behaviour},
pages = {63--73},
volume = {28},
number = {1},
issn = {0272-4944},
journal = {Journal of Environmental Psychology},
doi = {10.1016/j.jenvp.2007.09.004}
}


@misc{Pollitt.2011,
author = {Pollitt, Michael G. and Shaorshadze, Irina},
year = {2011},
title = {The Role of Behavioural Economics in Energy and Climate Policy},
keywords = {behavioural economics;energy demand;energy economics;energy efficiency;private provision of public goods;Working Paper},
publisher = {{Faculty of Economics}},
editor = {{EPRG Working Paper 1130 Cambridge Working Paper in Economics 1165}},
institution = {{University of Cambridge, Electricity Policy Research Group}}
}


@misc{Price.2015,
author = {Price, Michael K.},
year = {2015},
title = {Using Field Experiments to Address Environmental Externalities and Resource Scarcity: Major Lessons Learned and New Directions for Future Research},
publisher = {{National Bureau of Economic Research}}
}


@article{Rand.2014,
author = {Rand, D. G. and Yoeli, E. and Hoffman, M.},
year = {2014},
title = {Harnessing Reciprocity to Promote Cooperation and the Provisioning of Public Goods},
keywords = {Behavioral economics;Cooperation;game theory;public goods;reciprocity;reputation},
pages = {263--269},
volume = {1},
number = {1},
issn = {2372-7322},
journal = {Policy Insights from the Behavioral and Brain Sciences},
doi = {10.1177/2372732214548426}
}


@article{Rebonato.2014,
author = {Rebonato, Riccardo},
year = {2014},
title = {A Critical Assessment of Libertarian Paternalism},
keywords = {Choice theory;Instrumental rationality;Libertarianism;nudging;Paternalism},
pages = {357--396},
volume = {37},
number = {3},
issn = {0168-7034},
journal = {Journal of Consumer Policy},
doi = {10.1007/s10603-014-9265-1}
}


@article{Reeson.2008,
author = {Reeson, Andrew F. and Tisdell, John G.},
year = {2008},
title = {Institutions, motivations and public goods: An experimental test of motivational crowding},
keywords = {crowding out;Experimental economics;intrinsic motivation;public goods;Suasion},
pages = {273--281},
volume = {68},
number = {1},
issn = {0167-2681},
journal = {Journal of Economic Behavior {\&} Organization},
doi = {10.1016/j.jebo.2008.04.002}
}


@article{Reeson.2010,
author = {Reeson, Andrew F. and Tisdell, John G.},
year = {2010},
title = {The market instinct: The demise of social preferences for self-interest},
url = {http://link.springer.com/article/10.1007/s10640-010-9387-0},
keywords = {Environmental markets;Environmental policy;Experimental economics;public goods},
pages = {439--453},
volume = {47},
number = {3},
issn = {0924-6460},
journal = {Environmental {\&} Resource Economics}
}


@misc{Reiley.2007,
author = {Reiley, David H. and List, John A.},
year = {2007},
title = {Field Experiments in Economics}
}


@article{Reisch.2016,
author = {Reisch, Lucia A. and Sunstein, Cass R.},
year = {2016},
title = {Do Europeans Like Nudges?},
url = {http://journal.sjdm.org/16/16202b/jdm16202b.pdf},
keywords = {default rules;Europe;law;Nudges;policy},
pages = {310--325},
volume = {11},
number = {4},
issn = {1930-2975},
journal = {Judgment and Decision Making}
}


@article{Reyniers.2013,
author = {Reyniers, Diane and Bhalla, Richa},
year = {2013},
title = {Reluctant altruism and peer pressure in charitable giving},
url = {http://search.proquest.com/openview/880e157fc44c7dc9a56fad884b9e84cb/1?pq-origsite=gscholar},
pages = {7},
volume = {8},
number = {1},
issn = {1930-2975},
journal = {Judgment and Decision Making}
}


@article{Ridder.2014,
author = {Ridder, Denise de},
year = {2014},
title = {Nudging for beginners},
pages = {2--6},
volume = {16},
number = {1},
journal = {The European Health Psychologist}
}


@misc{Rincke.2015,
author = {Rincke, Johannes and Boyer, Pierre and Dwenger, Nadja},
year = {2015},
title = {Do Taxes Crowd Out Intrinsic Motivation? Field-Experimental Evidence from Germany},
keywords = {C93;charitable giving;crowding out;D03;field experiment;H26;H41;intrinsic motivation;natural randomized;natural randomized field experiment;public goods;taxes},
edition = {2014/12/20}
}


@article{Rode.2015,
author = {Rode, Julian and G{\'o}mez-Baggethun, Erik and Krause, Torsten},
year = {2015},
title = {Motivation crowding by economic incentives in conservation policy: A review of the empirical evidence},
keywords = {Conservation;Economic incentives;Motivation crowding;Payments for ecosystem services;Policy instruments},
pages = {270--282},
volume = {117},
issn = {09218009},
journal = {Ecological Economics},
doi = {10.1016/j.ecolecon.2014.09.029}
}


@article{Roe.2009,
author = {Roe, Brian E. and Just, David R.},
year = {2009},
title = {Internal and External Validity in Economics Research: Tradeoffs between Experiments, Field Experiments, Natural Experiments, and Field Data},
pages = {1266--1271},
volume = {91},
number = {5},
issn = {00029092},
journal = {American Journal of Agricultural Economics},
doi = {10.1111/j.1467-8276.2009.01295.x}
}


@article{Rommel.2015,
author = {Rommel, Jens and Buttmann, Vera and Liebig, Georg and Sch{\"o}nwetter, Stephanie and Svart-Gr{\"o}ger, Valeria},
year = {2015},
title = {Motivation crowding theory and pro-environmental behavior: Experimental evidence},
keywords = {Behavioral economics;C93;D12;field experiment;Germany;Green nudge;Q20;Q58;Social norms},
pages = {42--44},
volume = {129},
issn = {01651765},
journal = {Economics Letters},
doi = {10.1016/j.econlet.2015.01.025}
}


@article{Samuelson.1988,
author = {Samuelson, William and Zeckhauser, Richard},
year = {1988},
title = {Status quo bias in decision making},
pages = {7--59},
volume = {1},
number = {1},
issn = {1573-0476},
journal = {Journal of Risk and Uncertainty},
doi = {10.1007/BF00055564}
}


@article{Sawilowsky.1990,
author = {Sawilowsky, Shlomo S.},
year = {1990},
title = {Nonparametric tests of interaction in experimental design},
url = {http://rer.sagepub.com/content/60/1/91.short},
pages = {91--126},
volume = {60},
number = {1},
issn = {0034-6543},
journal = {Review of Educational Research}
}


@article{Schultz.2007,
author = {Schultz, P. Wesley and Nolan, Jessica M. and Cialdini, Robert B. and Goldstein, Noah J. and Griskevicius, Vladas},
year = {2007},
title = {The Constructive, Destructive, and Reconstructive Power of Social Norms},
pages = {429--434},
volume = {18},
issn = {1467-9280},
journal = {Psychological Science}
}


@misc{Schwirplies.2015,
author = {Schwirplies, Claudia and Ziegler, Andreas},
year = {2015},
title = {Offset carbon emissions or pay a price premium for avoiding them? A cross-country analysis of motives for climate protection activities},
url = {http://www.econstor.eu/handle/10419/106482},
institution = {{Joint Discussion Paper Series in Economics}}
}


@book{Shafir.2013,
year = {2013},
title = {The behavioral foundations of public policy},
url = {https://books.google.com/books?hl=de&lr=&id=snZMfwfOoy4C&oi=fnd&pg=PP1&dq=The+Behavioral+Foundations+of+Public+Policy+shafir&ots=kJI5IgnVEi&sig=cbI0XsHIG6-4Nbv97EKcHCLSFXY},
publisher = {{Princeton University Press}},
isbn = {1400845343},
editor = {Shafir, Eldar}
}


@article{Shang.2009,
author = {Shang, Jen and Croson, Rachel},
year = {2009},
title = {A field experiment in charitable contribution: The impact of social information on the voluntary provision of public goods},
url = {http://onlinelibrary.wiley.com/doi/10.1111/j.1468-0297.2009.02267.x/full},
pages = {1422--1439},
volume = {119},
number = {540},
journal = {The Economic Journal}
}


@article{Shen.2005,
author = {Shen, Lijiang and Dillard, James Price},
year = {2005},
title = {Psychometric Properties of the Hong Psychological Reactance Scale},
url = {https://www.researchgate.net/profile/Lijiang_Shen/publication/7677480_Psychometric_Properties_of_the_Hong_Psychological_Reactance_Scale/links/02e7e524035fe735d2000000.pdf},
pages = {74--81},
volume = {85},
number = {1},
issn = {0022-3891},
journal = {Journal of Personality Assessment},
doi = {10.1207/s15327752jpa8501{\textunderscore }07}
}


@article{Shen.2010,
author = {Shen, Lijiang},
year = {2010},
title = {Mitigating Psychological Reactance: The Role of Message--Induced Empathy in Persuasion},
url = {http://onlinelibrary.wiley.com/doi/10.1111/j.1468-2958.2010.01381.x/full},
pages = {397--422},
volume = {36},
number = {3},
issn = {1468-2958},
journal = {Human Communication Research}
}


@article{Shieh.2008,
author = {Shieh, Gwowen},
year = {2008},
title = {Detecting interaction effects in moderated multiple regression with continuous variables: Power and sample size considerations},
url = {http://orm.sagepub.com/content/early/2008/07/29/1094428108320370.short},
issn = {1094-4281},
journal = {Organizational Research Methods}
}


@article{Shogren.2008,
author = {Shogren, J. F. and Taylor, L. O.},
year = {2008},
title = {On Behavioral-Environmental Economics},
pages = {26--44},
volume = {2},
number = {1},
issn = {1750-6816},
journal = {Review of Environmental Economics and Policy},
doi = {10.1093/reep/rem027}
}


@article{Sliwka.2007,
author = {Sliwka, Dirk},
year = {2007},
title = {Trust as a Signal of a Social Norm and the Hidden Costs of Incentive Schemes},
pages = {999--1012},
volume = {97},
number = {3},
issn = {00028282},
journal = {The American Economic Review},
doi = {10.1257/aer.97.3.999}
}


@article{Starmer.1991,
author = {Starmer, Chris and Sugden, Robert},
year = {1991},
title = {Does the random-lottery incentive system elicit true preferences? An experimental investigation},
url = {http://www.jstor.org/stable/2006657},
pages = {971--978},
volume = {81},
number = {4},
issn = {00028282},
journal = {The American Economic Review}
}


@article{Steffel.2016,
author = {Steffel, Mary and Williams, Elanor F. and Pogacar, Ruth},
year = {2016},
title = {Ethically Deployed Defaults: Transparency and Consumer Protection Through Disclosure and Preference Articulation},
keywords = {consumer welfare;debiasing;default effects;disclosure;Transparency},
pages = {865--880},
volume = {53},
number = {5},
issn = {0022-2437},
journal = {Journal of Marketing Research},
doi = {10.1509/jmr.14.0421}
}


@article{Steindl.2015,
author = {Steindl, Christina and Jonas, Eva and Sittenthaler, Sandra and Traut-Mattausch, Eva and Greenberg, Jeff},
year = {2015},
title = {Understanding Psychological Reactance},
url = {http://econtent.hogrefe.com/doi/full/10.1027/2151-2604/a000222},
keywords = {culture;dual process;Motivation;persuasion;(vicarious) reactance},
volume = {223},
journal = {Zeitschrift f{\"u}r Psychologie}
}


@article{Stutzer.2011,
author = {Stutzer, Alois and Goette, Lorenz and Zehnder, Michael},
year = {2011},
title = {Active decisions and prosocial behaviour: A field experiment on blood donation},
pages = {F476--F493},
volume = {121},
number = {556},
journal = {The Economic Journal}
}


@article{Sugden.2008,
author = {Sugden, Robert},
year = {2008},
title = {Why incoherent preferences do not justify paternalism},
keywords = {behavioural economics;Paternalism;Preferences},
pages = {226--248},
volume = {19},
number = {3},
journal = {Constitutional Political Economy}
}


@misc{Sunstein.2013,
author = {Sunstein, Cass R.},
year = {2013},
title = {Behavioral economics, consumption, and environmental protection}
}


@misc{Sunstein.2013b,
author = {Sunstein, Cass R.},
year = {2013},
title = {Impersonal default rules vs. active choices vs. personalized default rules: A triptych},
url = {http://papers.ssrn.com/sol3/Papers.cfm?abstract_id=2171343},
doi = {10.2139/ssrn.2171343}
}


@article{Sunstein.2014,
author = {Sunstein, Cass R.},
year = {2014},
title = {Nudging: A Very Short Guide},
keywords = {Behavioural Insights Team;Choice;nudging},
pages = {583--588},
volume = {37},
number = {4},
issn = {0168-7034},
journal = {Journal of Consumer Policy},
doi = {10.1007/s10603-014-9273-1}
}


@book{Sunstein.2014b,
author = {Sunstein, Cass R.},
year = {2014},
title = {Simpler: The future of government},
url = {https://books.google.com/books?hl=de&lr=&id=UpGZBQAAQBAJ&oi=fnd&pg=PA1&dq=sunstein+Simpler:+The+Future+of+Government&ots=3Xjwm6WcPB&sig=7p2iAFSU4ISglgGhcm2GTfhF2Eo},
address = {New York},
publisher = {{Simon and Schuster}},
isbn = {1476726604}
}


@book{Sunstein.2014c,
author = {Sunstein, Cass R.},
year = {2014},
title = {Why nudge? The politics of Libertarian Paternalism},
url = {https://books.google.com/books?hl=de&lr=&id=89BpAwAAQBAJ&oi=fnd&pg=PA1&dq=Why+Nudge%3F+The+Politics+of+Libertarian+Paternalism&ots=Bv9vFghBsR&sig=hm5SpbkVNOmF3mwGxZjbSvAsvyc},
address = {New Haven, CN},
publisher = {{Yale University Press}},
isbn = {0300206925}
}


@article{Sunstein.2015,
author = {Sunstein, Cass R.},
year = {2015},
title = {Fifty Shades of Manipulation},
journal = {Journal of Behavioral Marketing, in press},
doi = {10.2139/ssrn.2565892}
}


@misc{Sunstein.2015b,
author = {Sunstein, Cass R.},
year = {2015},
title = {Which Nudges Do People Like? A National Survey},
doi = {10.2139/ssrn.2619899}
}


@article{Sunstein.2016,
author = {Sunstein, Cass R.},
year = {2016},
title = {Do people like nudges?},
url = {http://papers.ssrn.com/sol3/papers.cfm?abstract_id=2604084},
keywords = {Choice architecture;default rules;Nudge;Social norms},
journal = {Administrative Law Review, in press},
doi = {10.2139/ssrn.2604084}
}


@misc{Sunstein.20160714,
author = {Sunstein, Cass R.},
year = {2016/07/14},
title = {Nudges That Fail},
keywords = {Behavioral economics;Choice architecture;counter-nudging;Nudge},
doi = {10.2139/ssrn.2809658}
}


@misc{Sunstein.2016b,
author = {Sunstein, Cass R.},
year = {2016},
title = {People Prefer System 2 Nudges (Kind Of)},
keywords = {Behavioral economics;default rules}
}


@misc{Sunstein.2016c,
author = {Sunstein, Cass R. and Bobadilla-Suarez, Sebastian and Lazzaro, Stephanie C. and Sharot, Tali},
year = {2016},
title = {How People Upyear Beliefs about Climate Change: Good News and Bad News},
keywords = {Climate change;Motivated Reasoning;Optimistic Bias}
}


@incollection{Sunstein.2016d,
author = {Sunstein, Cass R. and Reisch, Lucia A.},
title = {Behaviorally Green: Why, Which and When Defaults Can Help},
url = {http://heinonline.org/HOL/Page?handle=hein.journals/helr38&id=131&div=&collection=journals},
pages = {161--194},
publisher = {Springer},
editor = {Beckenbach, Frank and Kahlenborn, Walter},
booktitle = {New Perspectives for Environmental Policies through Behavioral Economics},
year = {2016},
address = {Heidelberg, New York, Dordrecht, London}
}


@misc{Tannenbaum.2011,
author = {Tannenbaum, David and Ditto, Peter H.},
year = {2011},
title = {Information asymmetries in default options},
url = {https://webfiles.uci.edu/dtannenb/www/documents/default%20information%20asymmetries.pdf},
keywords = {Decision making;default effects;information leakage;libertarian paternalism}
}


@misc{Tannenbaum.2014,
author = {Tannenbaum, David and Fox, Craig and Rogers, Todd},
year = {2014},
title = {On the misplaced politics of behavioral policy interventions},
url = {http://scholar.harvard.edu/files/todd_rogers/files/on_the_misplaced.pdf?m=1416859882}
}


@article{Team.2011,
author = {Team, Behavioural Insights},
year = {2011},
title = {Behaviour change and energy use},
url = {http://neweconomists.org/files/Behaviour_and_Energy.pdf},
journal = {Cabinet Office}
}


@article{Team.2013,
author = {Team, Behavioural Insights},
year = {2013},
title = {Applying behavioural insights to charitable giving},
url = {http://www.behaviouralinsights.co.uk/sites/default/files/BIT_Charitable_Giving_Paper%20(1).pdf},
journal = {Cabinet Office}
}


@article{Thaler.1980,
author = {Thaler, Richard},
year = {1980},
title = {Toward a positive theory of consumer choice},
url = {http://www.sciencedirect.com/science/article/pii/0167268180900517},
pages = {39--60},
volume = {1},
number = {1},
issn = {0167-2681},
journal = {Journal of Economic Behavior {\&} Organization}
}


@article{Thaler.2003,
author = {Thaler, Richard H. and Sunstein, Cass R.},
year = {2003},
title = {Libertarian paternalism},
url = {http://www.jstor.org/stable/3132220},
pages = {175--179},
volume = {93},
number = {2},
issn = {00028282},
journal = {The American Economic Review}
}


@article{Thaler.2004,
author = {Thaler, Richard H. and Benartzi, Shlomo},
year = {2004},
title = {Save More Tomorrow{\texttrademark}: Using behavioral economics to increase employee saving},
pages = {164-S187},
volume = {112},
number = {S1},
issn = {0022-3808},
journal = {Journal of Political Economy},
doi = {10.1086/380085}
}


@book{Thaler.2008,
author = {Thaler, Richard H. and Sunstein, Cass R.},
year = {2008},
title = {Nudge: Improving decisions about health, wealth, and happiness},
url = {http://www.loc.gov/catdir/enhancements/fy0833/2007047528-b.html},
keywords = {Choice (Psychology);Choice Behavior;Consumer behavior;Decision making;Economic aspects;Economics;Entscheidungstheorie;Entscheidungsverhalten;Konsumentenverhalten;Psychological aspects;Psychology;Verbraucherverhalten;Wirtschaftliches Verhalten;Wirtschaftspsychologie;Wirtschaftstheorie},
address = {New Haven, CN},
publisher = {{Yale University Press}},
isbn = {9780300122237}
}


@incollection{Thaler.2013,
author = {Thaler, Richard H. and Sunstein, Cass R. and Balz, John P.},
title = {Choice Architecture},
keywords = {Behavioral economics;Nudge;Psychology;Public Policy},
pages = {428--439},
publisher = {{Princeton University Press}},
isbn = {1400845343},
editor = {Shafir, Eldar},
booktitle = {The behavioral foundations of public policy},
year = {2013},
doi = {10.2139/ssrn.2536504}
}


@article{Thaler.2016,
author = {Thaler, Richard H.},
year = {2016},
title = {Behavioral Economics: Past, Present, and Future},
url = {https://pubs.aeaweb.org/doi/pdfplus/10.1257/aer.106.7.1577},
pages = {1577--1600},
volume = {106},
number = {7},
issn = {0002-8282},
journal = {American Economic Review},
doi = {10.1257/aer.106.7.1577}
}


@article{Thgersen.2005,
author = {Th{\o}gersen, John},
year = {2005},
title = {How May Consumer Policy Empower Consumers for Sustainable Lifestyles?},
pages = {143--177},
volume = {28},
number = {2},
issn = {0168-7034},
journal = {Journal of Consumer Policy},
doi = {10.1007/s10603-005-2982-8}
}


@book{Titmuss.1970,
author = {Titmuss, Richard Morris},
year = {1970},
title = {The gift relationship: From human blood to social policy},
keywords = {Altru{\"i}sme;Bloeddonatie;Blood;Blood Banks;Blood donors;Blood Transfusion;Blutspende;Donneurs de sang;Sang;Sang, Donneurs de;Sociale aspecten;Sozialpolitik},
address = {London},
publisher = {{Allen {\&} Unwin}},
isbn = {0004301021}
}


@article{Trachtman.,
author = {Trachtman, Hannah and Steinkruger, Andrew and Wood, MacKenzie and Wooster, Adam and Andreoni, James and Murphy, James J. and Rao, Justin M.},
title = {Fair weather avoidance: unpacking the costs and benefits of ``Avoiding the Ask''},
url = {http://link.springer.com/article/10.1007/s40881-015-0006-2/fulltext.html},
keywords = {Altruism;Avoiding the Ask;Charity;Empathy;Experimental economics;field experiment;Giving;Social pressure},
pages = {8--14},
volume = {1},
number = {1},
issn = {2199-6784},
journal = {Journal of the Economic Science Association},
doi = {10.1007/s40881-015-0006-2}
}


@article{vandenBergh.2000,
author = {{van den Bergh}, J. C. J. M. and Ferrer-i-Carbonell, Ada and Munda, Giuseppe},
year = {2000},
title = {Alternative models of individual behaviour and implications for environmental policy},
pages = {43--61},
volume = {32},
number = {1},
issn = {09218009},
journal = {Ecological Economics},
doi = {10.1016/S0921-8009(99)00088-9}
}


@article{Vandenbergh.2007,
author = {Vandenbergh, Michael P. and Barkenbus, Jack and GIlligan, Jonathan},
year = {2007},
title = {Individual Carbon Emissions: The Low-Hanging Fruit},
url = {http://heinonline.org/HOL/Page?handle=hein.journals/uclalr55&id=1713&div=&collection=journals},
pages = {1701},
volume = {55},
journal = {UCLA Law Review}
}


@article{vandenBergh.2010,
author = {{van den Bergh}, J. C. J. M.},
year = {2010},
title = {Safe climate policy is affordable---12 reasons},
pages = {339--385},
volume = {101},
number = {3-4},
issn = {0165-0009},
journal = {Climatic Change},
doi = {10.1007/s10584-009-9719-7}
}


@article{Vatn.2005,
author = {Vatn, Arild},
year = {2005},
title = {Rationality, institutions and environmental policy},
pages = {203--217},
volume = {55},
number = {2},
issn = {09218009},
journal = {Ecological Economics},
doi = {10.1016/j.ecolecon.2004.12.001}
}


@article{Venkatachalam.2008,
author = {Venkatachalam, L.},
year = {2008},
title = {Behavioral economics for environmental policy},
pages = {640--645},
volume = {67},
number = {4},
issn = {09218009},
journal = {Ecological Economics},
doi = {10.1016/j.ecolecon.2008.01.018}
}


@article{Webb.2013,
author = {Webb, Dave and Soutar, Geoffrey N. and Mazzarol, Tim and Saldaris, Patricia},
year = {2013},
title = {Self-determination theory and consumer behavioural change: Evidence from~a~household energy-saving behaviour study},
keywords = {Autonomous motivation;Energy-saving;Intentions;Model of goal-directed behaviour (MGB);Self-determination theory (SDT);Theory of planned behaviour (TPB)},
pages = {59--66},
volume = {35},
issn = {0272-4944},
journal = {Journal of Environmental Psychology},
doi = {10.1016/j.jenvp.2013.04.003}
}


@misc{Weber.20121023,
author = {Weber, Elke U. and Johnson, Eric J.},
year = {2012/10/23},
title = {Psychology and Behavioral Economics Lessons for the Design of a Green Growth Strategy},
keywords = {Climate Change Economics;Climate Change Mitigation and Green House Gases;Economic Theory {\&} Research;Environmental Economics {\&} Policies;Knowledge for Development}
}


@article{Wickham.2014,
author = {Wickham, Hadley},
year = {2014},
title = {Tidy data},
volume = {VV},
number = {II},
journal = {Journal of Statistical Software}
}


@misc{WorldBank.2015,
author = {{World Bank}},
year = {2015},
title = {World Development Report 2015: Mind, Society, and Behavior},
address = {Washington, D.C.},
institution = {{World Bank}}
}


@article{Xiao.2011,
author = {Xiao, Erte and Houser, Daniel},
year = {2011},
title = {Punish in public},
keywords = {Cooperation;Experiments;norms;Public goods game;Public goods game Experiments;Punishment},
pages = {1006--1017},
volume = {95},
number = {7--8},
issn = {0047-2727},
journal = {Journal of Public Economics},
doi = {10.1016/j.jpubeco.2010.11.021}
}


@article{Ziliak.2014,
author = {Ziliak, Stephen T.},
year = {2014},
title = {Balanced versus Randomized Field Experiments in Economics: Why W. S. Gosset aka {\dq}Student{\dq} Matters},
pages = {167--208},
volume = {1},
number = {1-2},
issn = {23266198},
journal = {Review of Behavioral Economics},
doi = {10.1561/105.00000008}
}



